1500 977
879 90 1465 112 Ik ben in Amsterdam. Eerst heb
877 122 1461 148 ik examen gedaan, ben geslaagd
869 161 1474 182 en zit nu eindeljik, waar ik zo-
875 194 1268 216 lang heb willen zitten.
871 230 1449 254 Achter in de Tuin van Fem en
877 265 1437 288 Frits in een atelier, dat door
873 299 1453 329 een stevige muur gescheiden
865 339 1438 359 is van het andere huis. De
878 374 1466 394 kamer is dol gezellig; een divan,
871 405 1473 432 bed, witte grof geweven gordijnen,
875 444 1459 467 electrice haard en betimmerde
871 480 1466 504 eelotes wanden, met open kastjes
873 514 1484 537 en planken. Ik heb een eigen huissleu-
876 550 1438 572 tel van het Atelier en een van het
879 585 1315 607 huis, Prinsengracht 905.
873 617 1474 639 Dien woont achter me op de Kei-
870 653 1472 677 zersgr. en Lex Citroen nog geen 50 hui-
876 691 1149 711 zen van me af.
875 723 1473 747 Vanmiddag ben ik m'n lesroos-
879 761 1464 782 ter gaan halen. We beginnen met een
872 795 1398 817 kijkje in een Montessorischool.
879 829 1465 854 Zaterdag de hele dag vrij, dan ga ik
875 864 1454 889 vroeg naar Hilversum en neem
862 902 1471 927 daar 3 uur les van Uli Citroen, die
1104 938 1116 950 1
