1500 975
121 53 603 122 me zal leren naaien.
118 99 725 158 Van de winter ga ik naar con-
122 143 530 185 certen, ik leer bridgen.
118 183 707 239 Ik weet gewoonweg niet wat er
120 213 709 278 met me gebeurd is. Die vrijheid
124 251 384 299 die ik nu heb.
124 284 741 350 Ik wordt niet achterna gereden met:
122 317 739 379 piano spelen, in bad. En om 8.30 komen
126 354 680 419 Ze niet al zeggen: Els, ga je naar bed?
122 393 703 431 Ik doe wat ik wil. Lees wat me
120 424 705 474 aanstaat etc. Als ik het boek niet
122 461 711 516 snap, laat ik het vanzelf wel liggen,
120 493 725 542 en snap ik het wel, dan leer ik er
122 532 743 592 ook niets slechts van, want dat „slechts"
124 567 393 625 weet ik dan al.
120 576 727 662 Zodra ik lekkere cigaretten kan krijgen
118 638 717 691 koop ik ze, want als ik eens erge trek
118 673 735 715 er in heb, rook ik; als het nu verbo-
116 707 731 753 den werd, deed it het juist expres. Dat
124 742 739 802 is nu eenmaal altijd zo. Dit tevens
121 777 313 824 bij drinken.
124 787 733 872 Ik ben van plan zelf m'n kamer zo'n
118 848 709 901 beetje te onderhouden, de rest wordt
128 886 716 947 door de nieuwe maagd schoon ge-
393 941 409 954 2
858 45 1437 126 houden. Deze komt, omdat Fem
860 107 1346 167 een baby'tje krijgt, ± januari.
862 143 1443 197 Erna zit op de Apollolaan, met
864 181 1454 243 nog veel andere meisjes bij een fa-
866 210 1402 276 milie in huis. Ook erg leuk.
866 248 1460 291 Vanavond was ze hier, om m'n
866 284 1468 339 kamer te bewonderen. Morgen komt
862 319 1471 366 Ans Habbema en één van de meisjes
868 355 1461 401 van de cursus. We zitten er met
864 392 1450 443 z'n 10en. Veel weet ik nog niet
860 424 1474 484 van ze, morgen gaat er waarschijnlijk
854 459 1430 514 één met me mee, ze heet Reina
858 497 1430 551 Sibbelee. Ik ben zo benieuwd of
857 522 1468 590 ik me later haar naam nog zal her-
862 566 1448 611 inneren en of ik later nog met
864 599 1434 649 haar in aanraking kom of niet.
868 631 1462 689 Elke dag (hoop, dat ik het volhoud)
860 669 1428 731 zal ik de gebeurtenissen van
852 697 1454 762 m'n Montessori, en Amster-
854 741 1298 806 dam leven aantekenen.
856 778 1436 836 Ruth (3 jaar) dochter van Fem en
860 812 1449 872 Frits is goed materiaal voor me.
864 849 1454 911 Het is een erg schrander en pinter
864 880 1463 944 kind. Ik ben benieuwd of ik ook
1113 938 1126 950 3
