1500 973
132 57 188 117 eer
217 60 268 120 hoe
294 63 322 123 de
346 62 490 122 opvredii
549 63 614 123 van
648 65 681 125 de

133 100 263 160 andere
295 98 428 158 kiteren
455 99 565 159 moet
582 99 634 159 zijn

125 130 155 190 or
178 133 263 193 vind
296 133 341 193 het
358 132 392 192 ro
418 135 590 195 bespottelijk,
608 134 656 194 dat
684 130 725 190 wij

123 166 152 226 so
179 167 259 227 dein
288 168 447 228 bekouden
467 168 594 228 worden,
617 167 672 227 uit
690 166 728 226 toen

123 206 200 266 was
221 205 245 265 ik
270 204 360 264 met
376 206 466 266 lezen,
491 204 579 264 want
616 202 667 262 dat
681 203 701 263 is
718 204 732 264 te

125 238 206 298 ende
227 239 278 299 ood
311 240 399 300 ne,
420 238 489 298 dat
516 239 721 299 bekiskernn

119 276 175 336 eb.
191 276 218 336 sk
248 274 293 334 beb
318 274 383 334 uit
404 275 528 335 kunder
551 276 643 336 prokot
675 278 717 338 fal

123 308 179 368 lou
214 311 356 371 verboden
384 310 447 370 boek
468 310 546 370 eens
567 310 692 370 selzen,

130 345 171 405 Als
186 346 214 406 ik
239 347 285 407 het
305 346 382 406 niet
404 345 431 405 de
450 346 574 406 moeite
594 344 695 404 waard

127 376 213 436 bond
249 382 313 442 liet
347 382 375 442 ik
397 382 440 442 het
459 382 549 442 lijsen.
576 380 607 440 en
633 379 707 439 teken

123 416 177 476 dat
195 416 224 476 ik
248 418 296 478 het
311 415 400 475 niet
427 414 542 474 tegreep.
561 414 595 474 en
637 418 741 478 ander

125 451 177 511 ker
209 453 274 513 bod
306 453 328 513 ik
352 450 396 510 het
421 450 451 510 b.
459 450 490 510 v.
501 450 533 510 en
556 449 734 509 interestant

126 484 162 544 en
197 486 222 546 de
243 489 356 549 dusen
379 486 421 546 ve
441 486 471 546 ik
494 486 557 546 rite
586 486 659 546 niet
675 487 730 547 ma

124 521 228 581 beren,
245 522 308 582 wit
325 520 434 580 ertoch
452 523 517 583 al,
529 520 551 580 of
578 520 607 580 al
636 522 721 582 bedin

124 558 291 618 overheen,
301 556 409 616 zonder
424 558 442 618 te
460 557 476 617 te
491 554 596 614 behrijpen
622 556 653 616 en
673 558 699 618 zi
720 559 735 619 of

122 601 141 661 te
160 594 309 654 merken.
319 593 381 653 Dat
401 594 506 654 mert
524 590 617 650 praten
634 590 680 650 peo
692 591 725 651 als

123 627 227 687 ldn
266 629 334 689 boek
359 630 417 690 na
453 628 493 688 eu
549 626 709 686 overbert

125 660 205 720 dat
224 662 361 722 hindert
383 665 437 725 het
457 663 537 723 dens
562 662 600 722 zo
626 662 672 722 ut
694 661 710 721 te

126 699 255 759 lezen.

135 733 190 793 dito
220 732 278 792 met
295 733 377 793 rolen.
390 733 443 793 Als
457 734 483 794 ije
510 732 547 792 het
571 731 648 791 lelben
665 730 742 790 oide

129 768 196 828 veer
244 768 253 828 p
285 768 359 828 eens
383 770 435 830 een
459 766 724 826 endlciaretje.

129 802 179 862 Als
193 804 219 864 je
237 806 266 866 ke
290 804 324 864 jon
369 803 419 863 ent
437 803 534 863 besje
548 802 574 862 en
598 802 653 862 tocl
669 803 700 863 al

117 841 163 901 na
197 840 252 900 een
280 838 385 898 wlee
409 837 599 897 ndesaen.

115 874 214 934 maar
242 874 289 934 als
309 874 348 934 het
374 870 490 930 verboden
513 870 602 930 waat,
625 872 684 932 rook
699 872 716 932 je

378 926 408 951 4
860 64 919 124 omn
931 66 986 126 dat
1012 64 1058 124 het
1079 66 1129 126 nu
1170 64 1331 124 eenmnael
1351 69 1439 129 met

859 100 926 160 mas
959 100 1091 160 viuken
1126 100 1191 160 dito
1216 100 1330 160 evenals
1357 100 1467 160 biosege

867 134 999 194 Aaarom
1063 136 1147 196 mas
1174 134 1196 194 in
1214 134 1292 194 met
1317 136 1441 196 selftan

863 170 900 230 de
935 173 1015 233 kijn.
1041 172 1131 232 dader
1149 170 1186 230 en
1208 169 1331 229 moeder
1350 172 1406 232 zijn
1424 170 1467 230 bas

866 204 914 264 voor
933 206 1055 266 gevaren
1070 206 1125 266 die
1142 205 1166 265 ik
1200 203 1280 263 volan
1324 206 1380 266 hen
1407 204 1448 264 no

865 245 954 305 niet
983 243 1061 303 teres
1096 242 1153 302 dat
1174 242 1310 302 wetense
1333 242 1386 302 van
1417 242 1462 302 nu

859 277 902 337 af.
923 276 1006 336 deten
1025 276 1060 336 hit
1081 276 1132 336 loe
1159 276 1183 336 ik
1202 276 1274 336 met
1293 275 1370 335 jongen
1400 276 1480 336 omp:

910 308 961 368 met
980 308 1004 368 lo
1029 310 1136 370 vieem
1188 314 1230 374 een
1248 310 1306 370 ean
1333 311 1382 371 van
1407 313 1443 373 een

862 346 928 406 jonger
951 347 965 407 te
985 350 1071 410 vrijjen
1086 350 1094 410 g
1114 348 1180 408 herst
1197 348 1217 408 is
1246 347 1294 407 het
1309 346 1358 406 een
1387 348 1463 408 reedge

861 382 1013 442 dersatie
1073 382 1098 442 en
1122 382 1179 442 was
1200 380 1244 440 voo
1269 380 1320 440 lgt
1332 378 1412 438 eerst
1440 382 1469 442 bij

860 416 947 476 lesl.
967 416 1000 476 ga
1054 418 1102 478 het
1120 418 1230 478 werken,
1243 418 1281 478 hij
1299 416 1370 476 hielp
1383 417 1436 477 me

855 456 946 516 net
984 453 1166 513 ooerhouder
1199 454 1245 514 tede
1264 452 1340 512 laten
1371 451 1443 511 met

853 487 914 547 van
943 488 1044 548 tween
1083 490 1105 550 op
1125 488 1162 548 hu
1202 486 1285 546 lollen
1294 486 1446 546 tameetjes

856 522 955 582 wast
979 525 1093 585 elkaar
1115 523 1136 583 op
1153 523 1176 583 de
1198 522 1294 582 bant,
1316 521 1377 581 lerst
1390 522 1460 582 ware

857 556 894 616 vel
916 558 1033 618 golrih,
1048 558 1096 618 dam
1130 560 1187 620 beset
1210 558 1244 618 bij
1259 558 1370 618 landen
1427 559 1458 619 on

858 594 915 654 me
936 594 995 654 reen
1036 595 1064 655 Il
1082 592 1144 652 werd
1167 596 1270 656 afgeleid
1300 594 1327 654 en
1348 594 1373 654 te
1408 594 1440 654 na

866 629 997 689 hurlijk
1023 627 1100 687 niet
1120 628 1211 688 meer
1235 628 1375 688 werken,
1393 628 1421 688 st

861 664 910 724 dol
926 664 994 724 opter
1013 663 1046 723 en
1062 663 1118 723 was
1141 663 1190 723 het
1204 662 1247 722 na
1289 664 1367 724 meer

863 700 966 760 mnoch
990 699 1040 759 hit
1073 698 1121 758 hem
1162 700 1280 760 bejaar.
1301 700 1362 760 Alle
1386 700 1436 760 wan

857 736 944 796 alleen
967 738 999 798 so
1028 734 1157 794 nieuw
1202 733 1339 793 voorme
1388 735 1423 795 sij
1441 735 1478 795 b

867 768 907 828 Jon
939 770 1153 830 kandtastelijk
1183 768 1202 828 te
1224 769 1347 829 worden.
1366 772 1436 832 Dees
1446 770 1474 830 oor

861 805 917 865 hue
942 806 970 866 en
1000 806 1137 866 tenolotte
1159 806 1222 866 bgen
1248 803 1278 863 toe
1305 805 1417 865 samen
1444 809 1463 869 in

861 837 911 897 nit
933 841 1099 901 omaria
1128 840 1151 900 op
1171 840 1195 900 de
1217 841 1303 901 bank,
1321 840 1351 900 sl
1371 837 1447 897 vond

870 874 915 934 het
934 874 993 934 relis
1024 875 1072 935 Een
1109 874 1244 934 vreemd
1265 874 1373 934 gevoel
1403 873 1451 933 had

1129 925 1164 950 5
