1500 973
138 53 726 128 M. tijd af. 's Middag hadden we de
131 107 715 161 eerste les. Toen was er een nieuw
137 145 736 203 kind bij, die ik kende van de Godelinde
127 175 726 230 school. 's Avonds was Ans Habbema
131 212 730 262 er, en heb ik voor het eerst met licht
127 247 712 300 op in m'n kamer gezeten. Toen ze
131 289 730 344 weg was, al om 9 uur, vanwege de ver-
129 321 738 379 duistering, ben ik in bad gegaan en
123 355 740 411 ben met een pajong op in m'n huis
127 389 738 426 zo door de tuin naar m'n atelier
131 424 716 484 getippeld. Daar heb ik nog een poosje
131 461 720 520 in m'n nieuwe M. boeken liggen
133 497 737 551 lezen. De nacht was gelukkig rustig.
131 529 738 588 Toevallig hoorde ik dat al het afweer
131 565 735 623 geschut naar de kustststreken is gebracht
133 602 732 658 Om 9 uur werd ik pas wakker. Erna
133 635 730 698 en ik zijn toen voor het eerst samen
131 672 735 730 in A'dam gaan winkelen. Emmy kwam
131 706 725 747 met bloemen, gisteren was moeder er
123 742 528 809 en Oma met bloemen.
133 778 700 832 Vanmiddag had ik de hele middag
129 811 726 865 les. Eerst materiaalkennis, en daar-
127 849 726 908 na kwamen de 2e jaars erbij, die ons
119 881 730 945 les gaven. Wij waren toen de kindertjes
354 938 371 950 8
876 52 1151 121 van 3-5 jaar.
871 81 1465 163 Om 4 uur ben ik met Mary de Leeuw
873 145 1472 201 meegegaan, die me afhaalde. Daarna
867 179 1461 240 ben ik naar Map gegaan die jarig was.
869 214 1473 272 Ze vroeg of ik kwam eten. Samen hebben we
867 246 1459 290 toen de feestmaaltijd gemaakt. Ben en
865 287 1454 337 Ima, (zusje van Ben) aten ook mee en
861 315 1467 381 na het eten verscheen Wim. Ik kreeg plot-
861 354 1463 416 seling een stromende bloedneus ging
867 389 1469 444 gauw naar Map's kamer. Wim kwam
863 420 1469 465 direct bij me en wilde me behandelen,
867 465 1453 518 de schat. Ben en Map deden daar ook
871 496 1463 546 moeite voor. De oudelui v. Esso kwamen
873 530 1292 580 later nog met broer Flip.
869 564 1443 621 Daar het donker was, heeft Wim me
873 601 1453 663 toen nog thuisgebracht. Vrijdag ga ik
858 635 1345 682 een fiets opsnorren met hem.
861 673 1473 716 En daar het nu 10.45 n.m. is, ga ik flink
861 705 1465 768 slapen, na een zalige dag gehad te heb-
860 740 937 784 ben.
817 800 862 813 12 Sept.
862 790 1436 824 Vanmorgen hebben we weer de
881 813 1353 859 Montessorischool bezocht.
861 837 1456 884 Het was veel rumoeriger in de
875 875 1449 945 klas als dan verleden keer. Op een gegeven
1160 940 1173 952 9
