1500 973
135 46 632 131 ogenblik ging de deur open en
131 104 706 165 kwam Erna binnen. Ik geloofde m'n
127 142 712 189 eigen ogen niet meer. De stoomcursus
129 184 700 227 was haar niet meegevallen, en voor
127 212 702 267 dat het te laat was heeft ze zich daar-
127 253 711 312 van afgewend en is meteen met Mon-
131 289 716 339 tessori begonnen. Een reuze verrassing
137 320 294 362 voor mij.
133 338 612 398 Vanavond was ik bij haar.
139 386 686 442 Ze liet me háár dagboek even lezen.
131 423 712 466 Laat ik nu vooral later niet denken
131 462 698 514 dat dit een modegril is op het ogen-
131 492 695 534 blik. Ik ben dit begonnen, omdat
127 532 682 585 ik veel dingen verkeerd vond in
125 564 699 624 de manier waarop ik ben opgevoed.
128 596 680 659 (zie vorige papina's.) Daarbij kwam
131 635 720 690 nog, dat ik graag voor later enige aan-
139 668 683 724 tekeningen wilde bewaren over
131 704 555 761 m'n zgn. studente tijd.
131 740 698 805 Al heel vaak ben ik van plan geweest
131 776 692 834 zo'n dagboek te houden, maar ik
131 811 720 853 vond het aanstellerig en sentimenteel.
127 845 721 889 en een zekere schroom hield me
131 881 360 943 ervan terug.
387 934 406 946 10
863 51 1452 129 De laatste tijd heb ik opgemerkt
873 107 1262 159 dat ik erg verander.
867 145 1469 196 Ik wordt iets vrijer in de omgang met
863 178 1479 222 andere mensen. Alleen nog niet met
865 213 1449 268 mensen waar ik tegenop kijk en die
861 249 1457 298 ik erg aardig vind. Daar ben ik altijd
860 285 1473 338 verlegen bij en kan ik m'n houding
861 318 1470 371 niet bij bepalen, met het gevolg, dat ik
861 351 1471 411 ga stuntelen en verder veel te druk
853 389 1315 442 of meestal veel te stil ben.
863 424 1449 487 Heel eigenaardig is de aanhankelijkheid.
855 461 1441 512 aan m'n leraressen. Ik moet heel
853 498 1473 553 veel moeite doen om het niet al te erg
864 530 1107 577 te laten merken.
864 565 1467 628 Een tweede ding dat ik onlangs on-
861 601 1240 652 bewust deed was dit.
865 634 1474 680 Ik leerde nieuwe mensen kennen. Daar
869 671 1448 722 zij met me spraken over alles en nog
863 703 1459 747 wat, had ik het over m'n vriend dit en
863 739 1473 799 dat en later merkte ik dit pas, hoe gek
863 775 1452 837 dit eigenlijk was. Alleen het grote ver-
863 810 1477 871 langen om een echte grote vriend te bezit-
873 847 1465 902 ten heeft me ertoe gebracht zo te praten.
871 881 1477 943 Dit verlangen heb ik pas dit laatste jaar.
1157 938 1171 950 11
