1500 974
145 62 252 122 Roeser
281 63 368 123 wille
384 64 409 124 ik
429 64 459 124 er
479 64 580 124 alleen
598 64 699 124 maar

133 98 187 158 an
224 98 324 158 hebben
353 100 386 160 om
433 99 508 159 niet
531 100 629 160 allijd
654 101 709 161 voor

141 134 399 194 muurbloempje
427 136 442 196 te
460 136 555 196 hoeven
577 137 700 197 ingeren

141 167 298 227 waarna
342 170 392 230 neb
410 170 434 230 ik
454 170 477 230 er
493 170 600 230 behoefte
618 171 674 231 aen.

140 202 222 262 Eve
260 204 285 264 is
311 204 385 264 niu
431 206 490 266 ken
510 206 683 266 viendin¬

131 237 320 297 waaraner
350 241 469 301 voesof
501 241 559 301 kas
582 242 631 302 ton
652 239 717 299 altijt

142 274 219 334 weer
244 274 311 334 alles
330 274 428 334 vertel„
451 274 551 334 maar
576 274 627 334 boe
647 276 719 336 onder

145 311 171 371 st
193 310 305 370 wadt,
320 308 376 368 hoe
400 308 502 368 meer
529 310 689 370 valangenje

156 345 233 405 vrijss
255 345 351 405 naar
392 346 441 406 een
467 347 613 407 manlijke
630 348 715 408 partin

132 375 158 435 Ik
180 382 263 442 gecrol
292 381 348 441 dat
370 381 412 441 een
431 382 545 442 meisje
565 380 706 440 avergoed

141 416 185 476 een
202 417 276 477 deust
296 416 338 476 iie
366 416 435 476 hier
461 418 505 478 ten
531 417 624 477 ovelen
643 417 683 477 als

130 451 190 511 een
209 452 305 512 jonen,
317 452 349 512 en
370 452 495 512 daarom
538 452 560 512 is
582 450 629 510 het
651 452 676 512 zo

141 484 178 544 sck
211 486 261 546 dat
293 486 330 546 hij
346 486 420 546 nies
443 488 527 548 mas¬

144 518 183 578 Een
202 522 289 582 jongen
314 522 386 582 mas
408 522 469 582 lick
493 522 580 582 zieter
605 522 646 582 als
663 522 670 582 l

132 556 182 616 een
205 558 323 618 meisje
343 558 363 618 te
389 558 481 618 pakken
504 558 594 618 heeft.
605 558 667 618 (vergt
683 560 700 620 vn

129 590 226 650 waar
243 593 283 653 als
309 594 334 654 ik
361 593 393 653 hij
440 594 498 654 din
526 592 625 652 opeens
642 593 668 653 on

130 626 280 686 t'naalen
299 630 367 690 vlees
395 629 451 689 ken
475 628 502 688 en
523 629 573 689 me
603 626 706 686 voorset

140 661 297 721 berpottelijk
314 664 404 724 hebben
418 662 566 722 gemaakt.

132 692 186 752 van
199 696 260 756 daar
281 696 429 756 misuwvn
459 698 498 758 ook
513 698 568 758 weer
590 699 629 759 een
652 697 718 757 oplors

141 732 206 792 drie
234 733 287 793 voor
306 733 367 793 mn
397 736 466 796 sethe
479 734 561 794 gebrag
587 735 627 795 van
663 734 688 794 de

141 767 235 827 laatste
257 769 351 829 houer
364 770 506 830 vratie.

132 804 287 864 thuib(tans/
304 804 370 864 heeft
387 804 431 864 van
439 805 493 865 doeg
517 804 528 864 3
540 801 658 861 naier
672 804 691 864 in

139 840 165 900 de
183 840 249 900 regen
273 839 297 899 op
314 836 362 896 we
384 840 461 900 saen
483 838 637 898 welke,
648 838 674 898 te

133 874 204 934 heeft
226 875 262 935 een
285 874 357 934 grote
378 876 488 936 oers
507 874 628 934 oorme

373 925 404 948 12
857 61 962 121 Morsen
995 62 1079 122 hulen
1102 63 1141 123 wt
1169 62 1235 122 hiet
1252 62 1306 122 wel
1325 64 1398 124 weer
1421 64 1430 124 v

865 99 930 159 over
952 102 1083 162 naderk
1126 98 1159 158 se
1179 98 1244 158 loop
1261 97 1314 157 dat
1329 99 1355 159 ik
1378 98 1398 158 op
1416 99 1435 159 en

866 135 899 195 de
918 136 1097 196 poielolosie
1121 136 1151 196 le
1182 136 1222 196 een
1246 134 1338 194 beetje
1359 135 1437 195 wijsen

858 170 931 230 over
956 171 1011 231 het
1032 172 1075 232 een
1098 172 1131 232 en
1159 168 1260 228 ander
1282 168 1384 228 condt¬

796 224 880 250 13 Sept.
794 208 818 268 13
825 207 873 267 Spt.
893 204 941 264 Hel
958 204 975 264 is
989 204 1042 264 ren
1074 204 1189 264 nospas
1214 204 1262 264 hal
1284 204 1341 264 een,
1356 204 1452 264 maar

863 240 938 300 daar
960 240 989 300 is
1019 242 1086 302 veel
1112 241 1223 301 beleefd
1251 237 1297 297 bet
1318 238 1349 298 er
1371 239 1472 299 evende

873 271 915 331 tijd
949 274 1024 334 heb,
1035 276 1081 336 pen
1102 276 1131 336 ik
1151 275 1247 335 maar
1273 273 1350 333 wees
1376 274 1462 334 even¬

867 310 1058 370 anmoren
1083 310 1171 370 hebis
1188 310 1257 370 eerst
1277 309 1355 369 met
1371 308 1443 368 thiit

858 346 894 406 een
918 346 1011 406 lippel
1029 348 1183 408 semaakt
1213 346 1300 406 naar
1320 344 1375 404 het
1395 344 1470 404 Brool

859 380 1073 440 kriprepoter,
1084 381 1218 441 alwaar
1235 381 1257 441 ik
1281 381 1326 441 heb
1343 380 1475 440 aansekon

858 414 933 474 dijd,
941 416 1000 476 dat
1026 416 1053 476 in
1071 417 1219 477 verkuidt
1243 416 1302 476 ben.
1316 416 1375 476 dn
1403 414 1479 474 moet

860 450 890 510 ik
916 452 1018 512 ernof
1044 454 1159 514 maar
1185 452 1234 512 een
1258 452 1307 512 heer
1327 450 1447 510 naarta

860 482 954 542 alleen
977 486 1008 546 om
1058 488 1093 548 in
1117 486 1128 546 u
1166 486 1364 546 gebonlebeweip
1393 485 1411 545 te
1426 486 1473 546 bey

852 522 907 582 gen.
926 523 1037 583 daarna
1068 524 1113 584 ben
1137 522 1163 582 ik
1187 522 1299 582 volgens
1313 522 1453 582 afspraak

860 554 939 614 naar
961 558 1050 618 scuullen
1078 558 1187 618 gesaan,
1201 556 1250 616 heb
1268 556 1339 616 daar
1357 557 1475 617 jommen

864 591 946 651 geseten
966 592 995 652 en
1018 591 1124 651 geklekt
1147 590 1182 650 tde
1204 590 1251 650 zijn
1279 592 1333 652 toen
1358 592 1469 652 samen

861 626 950 686 naar
973 628 1016 688 een
1030 628 1088 688 van
1118 628 1157 688 En
1200 626 1286 686 ende
1314 628 1421 688 buuren
1435 630 1455 690 se

856 659 929 719 an
956 664 989 724 en
1012 664 1119 724 hebben
1137 660 1215 720 niet
1241 663 1444 723 veelmoeck

862 692 897 752 de
922 698 979 758 siet
1001 698 1061 758 van
1076 698 1106 758 30
1118 700 1205 760 jaar/
1211 697 1305 757 naar
1328 696 1457 756 bereden

864 734 1001 794 bebracht
1033 734 1074 794 na
1102 735 1150 795 een
1183 734 1265 794 kopje
1288 733 1405 793 chorola
1432 734 1455 794 je

867 770 999 830 gehouten
1017 770 1032 830 te
1056 769 1143 829 hedeen
1172 768 1222 828 zin
1235 766 1387 826 toenaar
1407 766 1437 826 de

857 804 1070 864 Lietanman
1107 804 1255 864 gecapt,,
1261 802 1322 862 die
1345 804 1476 864 verslaart

859 835 912 895 dat
937 837 980 897 het
995 838 1077 898 gevel
1135 838 1158 898 io
1176 838 1229 898 len
1252 837 1319 897 kostn
1337 842 1383 902 als
1399 839 1431 899 hij
1443 838 1459 898 op

863 875 964 935 knapt
987 874 1044 934 ten
1073 872 1206 932 worden.

1132 928 1178 953 13
