1500 976
139 49 731 114 Dat hebben we toen maar niet
145 106 720 165 gedaan, en zijn tot troost weer even
146 135 656 198 bij Wim pruimen gaan eten.
145 173 716 230 Hij heeft me toen onderzocht en
145 213 734 276 aangeraden naar de polykliniek
147 249 746 303 te gaan. Als ik raad nodig had moest
143 281 742 326 ik maar bij hem komen, en eventu-
143 317 740 362 ele moeilijkheden niet in het donker
139 354 746 394 naar huis rijden konden ook door middel
149 389 740 447 van hem opgelost worden. Ik telefoneerde
135 425 746 489 dan maar even. Schattig, maar prac-
136 461 582 509 tisch niet te aanvaarden.
139 495 730 551 Het adres dat ik van den fietsenman
141 530 728 590 had opgekregen voor een 2e hands fiets.
140 564 675 611 was al uitverkocht. Jammer!
81 624 134 644 15 S.
79 603 693 642 Ik ben nu voor het eerst een weekend
138 634 728 691 thuisgeweest. Zaterdag had ik de hele
133 670 728 729 morgen vrij en heb toen maar de trein van
139 705 740 765 8.45 v.m. genomen. Ik had toen m'n eerste
135 743 734 794 naailes van Uli Citroen. Het ging nog heel
135 775 742 826 slecht. 's Middags ben ik bij Juffr. v. Santen
131 811 736 870 geweest. Ze beschouwde me helemaal niet
135 848 736 907 meer als schoolkind, en we hebben reuze
134 883 704 947 leuk over alles zitten praten. Ik kreeg
381 934 399 949 14
866 52 1212 134 2 cigaretten van haar.
865 111 1451 160 Ik ga gauw nog eeens naar haar toe en
861 146 1435 199 ga proberen haar tot zo iemand als Boof
859 184 1460 248 te maken, waar ik altijd naar toe blijf
860 217 940 273 gaan.
863 241 1450 290 Vader heeft ook weer een soort baan en
867 287 1462 348 gaat nu vooreerst in Den Haag wo-
856 322 984 367 nen.
851 332 1448 409 Moeders verjaardag was erg gezellig.  Ze
855 389 1432 435 vond de zelfgebreide handgespannen
851 428 1446 486 schapen-wollen trui erg leuk en
869 461 1475 515 Warm. Erna-Uli-Mieke en ouders
867 495 1314 556 etc. kwamen feliciteren.
865 528 1426 586 Ik was vroeg weer thuis in m'n
855 565 1459 630 atelier, waar Erna dit schrift heeft
860 603 1438 668 gelezen. Vader gaf me weer f10 -
871 637 1450 699 Zakgeld. Ik zal er maar erg zuinig op
863 673 1448 733 zijn. De ziel. Morgenochtend ga ik
859 708 1436 763 voor het eerst naar m'n eigen school.
865 740 1342 795 Dus nu maar gauw slapen.
806 800 860 820 17 S.
867 769 1472 839 Vandaag voor de 2de keer naar de school
867 813 1322 867 in de Boerhaavestr. geweest.
867 850 1454 903 Het is een volksschool met erg veel
869 883 1476 946 kinderen voor het Voorbereidend Onder
1115 942 1135 956 15
