1500 981
152 50 738 133 wijs. (V.O) Mijn leidster (Mevr. Roest)
154 113 746 172 is een oud mens en ook een oude
151 148 706 205 zeur. Ze is wel goedig, maar niet
157 179 538 229 leuk voor de kinderen.
154 212 739 278 Voor de cursisten is het verschrikkelijk bij
151 253 708 297 haar, de eerste week mogen we niets
143 289 702 335 anders doen, dan stil blijven zitten.
143 319 737 374 De kinderen zijn leuk. Ze vechten om de
149 361 726 419 eer m'n fiets weg te mogen zetten en een
142 393 727 436 stoel voor me te halen. Ik houd er boek
153 426 734 488 van, aan wie ik het beloofd heb, anders
149 459 728 523 zou ik het misschien vergeten, (zoveel
145 500 390 554 aanvraag is er.)
144 532 744 595 Om 11 uur gaan de cursisten gezame-
144 570 540 630 lijk materiaal maken.
143 602 744 664 Ze komen (de kinderen) aldoor met werk
147 637 681 685 bij me om te laten waarderen.
143 667 742 736 Gisterenavond heb ik voor Huib piano
137 710 726 764 gespeeld. 's Middags waren Erna en
138 740 728 805 ik naar de stad gegaan, alwaar we
136 775 726 840 ijs hebben gegeten en gewandeld hebben
135 813 734 883 door de Bijenkorf.  Ik heb toen Scatter Brain
138 845 260 909 gekocht.
128 856 712 951 's Middags had ik voor het eerst
388 942 410 956 16
851 60 1380 137 Muziekleer en psychologie.
851 111 1446 178 Allebei reuze leuk. We moesten
855 152 1464 199 streeplopen. Psychologie hebben we in de
859 185 1463 245 collegezaal op de Keizersgr. Reuze echt en
855 219 1457 278 heel erg interessant. Dr. Mej. Bos is
863 254 1243 319 heel aardig en opgewekt.
859 267 1443 346 's Avonds heb ik Mej. v. Greven (Engels)
863 326 1457 388 opgebeld en heb een afspraak gemaakt
865 359 1329 422 om haar op te komen zoeken.
867 377 1439 459 Frits gaf me voordat ik naar bed ging
865 431 1474 488 nog m'n post, die bestond uit een krantje
867 468 1463 521 dat Wim me had opgestuurd. Hij had
863 500 1467 556 bij 25 advertenties een kruisje gezet.
865 535 1445 588 Het bleken adressen te zijn waar ik 2e
855 570 1484 635 hands fietsen kan krijgen. Ontzettend aardig
861 609 1474 668 van hem. Zo geestig als hij is! bleek uit
859 639 1473 703 een kruisje bij een advertentie waarin
855 676 1481 734 een groot model kinderautomobiel
863 714 1465 777 werd aangeboden, en een kruis bij een
867 748 1119 808 kriebel piano.
865 768 1465 841 Vanmiddag hoorde ik dat we Zater
863 817 1463 877 dag's de hele dag vrij hebben. Een zalig-
863 853 1465 916 heid gewoonweg. Vanmiddag om
867 889 1456 946 4.30 n.m. hoorde ik ook het eerste
1140 945 1158 959 17
