1500 974
137 48 682 120 bombardement dat ergens in
135 102 704 154 A'dam plaats had. Ik heb er verder
141 144 575 191 nog niets over gehoord.
91 191 152 215 18.S
78 165 714 237 Vandaag een leuke dag gehad.
134 214 694 274 Op school was er een kindje
141 247 666 299 jarig. Ze kreeg van Mevr. Roest
141 283 682 344 een paar gekleurde strikken op
130 319 708 378 haar schouder, met afhangen-
134 353 712 400 de linten. Het meisje had in een
146 390 716 434 pak kranten 3 zakken lekkers mee
141 425 725 471 genomen. Een gróte zak voor de kin-
143 458 728 520 deren (aller smerigste Toffies) 1 zakje
141 493 695 559 Hema bonbons voor de Dames.
139 532 543 572 en een reep voor Juf.
139 552 708 621 Van de school kregen we een beker
139 599 604 659 water chocola (erg lekker)
144 638 710 698 Er wordt tegenwoordig om gevoch-
149 670 720 736 ten, wie m'n stoel mag halen
123 705 438 756 en wegbrengen.
145 740 704 792 Toen ik voor m'n huisdeur.
135 773 690 828 afstapte, stond Lex Citroen plotse-
133 810 700 865 ling achter me. Hij was al een
139 845 684 897 paar maal langs m'n huis
115 878 689 941 gekomen om te kijken, of ik er
378 939 393 952 18
863 50 1432 130 was. Hij heeft m'n kamer toen
859 101 1456 164 bekeken. Voortaan gaan we 's Zondag
867 144 1459 188 avonds samen maar Amsterdam
865 176 1426 217 terug, zodat ik niet voor donker
876 230 1349 246 thuis hoef te zijn. Enig!!
869 246 1434 306 Vanavond ben ik nog bij Wim
861 280 1472 322 geweest en heb hem een hele bende
867 322 1458 376 cigaretten tabak gebracht, die Frits
866 354 1222 399 me had afgestaan.
865 389 1450 428 Vandaag ben ik voor het eerst
859 421 1458 481 alleen door het donker naar huis
867 459 1194 514 gegaan. Ellendig.
817 518 849 531 19.
875 480 1446 550 Een reusachtige leuke dag. Mevr.
862 523 1464 571 Roest was ziek. Sienie, de andere cur-
859 564 1470 610 sist en ik, hadden de klas voor ons alleen.
865 601 1436 658 Zij heeft de leiding op zich genomen,
863 633 1470 675 want ze was de oudste, had al eens voor
869 670 1468 725 de klas gestaan en heeft zelf een zoontje
863 703 1467 764 van 7 jaar. Ik heb voor het eerst lesjes ge-
867 737 1458 782 geven. De rakkers kwamen zelfs 2 lesjes
871 774 1475 839 achter elkaar vragen. Ze profiteren overal
877 813 967 862 van.
863 830 1477 903 's middags had ik pas om 3 uur school.
865 877 1462 938 Eerst heb ik met Fem wol (blauwe) voor
1117 938 1134 951 19
