1500 975
136 61 164 121 de
199 64 345 124 opkomst
364 63 442 123 zijnde
469 63 495 123 ba
555 66 683 126 gekordt,

135 97 161 157 ik
183 101 227 161 ben
248 103 314 163 niet
330 101 377 161 aan
396 101 435 161 zin
467 101 532 161 patje
548 101 669 161 bsomen

139 133 170 193 De
198 135 336 195 middas
355 133 429 193 desten
446 135 525 195 waren
548 137 586 197 ers
601 137 686 197 lent,

143 168 192 228 Eert
216 171 377 231 mettede,
391 171 502 231 waarbij
520 171 551 231 we
572 171 665 231 entele

140 205 239 265 proeven
267 206 345 266 hebben
368 206 465 266 gedaen,
475 205 535 265 stulk
558 206 595 266 les
613 207 638 267 ik

136 238 199 298 een
227 243 328 303 octielje
356 240 407 300 vor
419 239 449 299 de
466 241 550 301 eerste
571 241 623 301 ber
651 241 707 301 huis

134 274 197 334 oen
226 277 252 337 ik
279 276 373 336 thuis
398 275 479 335 kwan
512 277 592 337 koode
604 277 624 337 is
647 275 690 335 dat

139 305 173 365 en
193 310 237 370 een
264 312 341 372 jougen
365 311 422 371 was
442 311 538 371 jeweest
561 313 602 373 na
625 311 665 371 lan

142 345 226 405 vrasen
252 349 322 409 bleck
351 347 391 407 het
407 346 438 406 len
464 345 480 405 te
499 348 543 408 zijn
565 348 659 408 sweest.

137 379 173 439 va
209 382 260 442 het
287 381 322 441 ete
353 381 406 441 tesep
430 380 472 440 6in
493 381 532 441 ben
559 383 583 443 El
601 381 657 441 ever
670 382 714 442 naem

136 414 187 474 hem
222 417 254 477 tte
270 419 343 479 jegaen
388 420 420 480 of
449 417 493 477 nad
516 417 598 477 willen
614 417 691 477 komen

136 451 197 511 thee
218 453 356 513 dergeken.
371 453 402 513 hij
420 453 494 513 heeft
515 453 555 513 een
573 452 670 512 kenrijk

136 486 238 546 kamer
270 488 376 548 zondes
394 488 422 548 om
466 487 523 547 9.30
542 487 590 547 die
609 487 634 547 ik
653 487 687 547 ken

138 521 165 581 op
188 523 234 583 het
252 523 348 583 perren
384 524 413 584 in
439 523 556 583 ren,
571 523 600 583 en
615 524 668 584 Jaem
689 523 714 583 we

141 555 260 615 damen
283 559 358 619 terus
411 557 535 617 Niossen
558 557 704 617 pailnaar

143 589 211 649 Comp

77 625 127 685 238.
144 625 167 685 st
184 625 240 685 1ao
264 625 322 685 hier
365 627 448 687 Vrivla
486 627 592 687 moren
611 627 648 687 tat
667 627 686 687 ik

77 625 127 685 238.
144 625 167 685 st
184 625 240 685 1ao
264 625 322 685 hier
365 627 448 687 Vrivla
486 627 592 687 moren
611 627 648 687 tat
667 627 686 687 ik

140 661 382 721 omipvertenden
409 663 431 723 op
454 662 574 722 school.
589 662 711 722 langza-

136 697 292 757 merkand
321 697 372 757 hat
388 697 419 757 ik
447 699 508 759 ten
539 697 590 757 Item
633 697 712 757 meer

146 731 198 791 over
232 731 291 791 omn
321 732 327 792 1
355 733 428 793 uur
456 733 500 793 den
530 733 557 793 ik
583 735 646 795 toen
669 738 719 798 nag

136 769 217 829 saan
252 769 334 829 vaen
363 769 414 829 sik
437 769 621 829 wesmoent

140 801 230 861 thuis
251 803 368 863 bniken
405 803 442 863 bed
482 805 595 865 schopen
618 806 648 866 en

142 839 269 899 heesthem
329 837 384 897 ne
421 837 663 897 uitmuntend

145 873 301 933 verpleesd,
313 873 423 933 zondas
444 873 509 933 was
525 873 552 933 in
578 875 693 935 alweer

384 927 418 951 20
863 59 921 119 op.
938 61 1117 121 1Middep
1163 61 1247 121 kwam
1290 61 1366 121 thin
1397 64 1469 124 opeens

862 95 940 155 dora
978 98 1037 158 bad
1069 97 1174 157 veerteld
1200 97 1246 157 dat
1263 98 1290 158 ik
1312 97 1379 157 priep
1396 96 1468 156 had

858 132 908 192 thij
928 132 949 192 is
971 133 1012 193 tee
1078 133 1169 193 blyven
1185 133 1241 193 eten
1263 133 1293 193 en
1317 133 1456 193 tenslotte

868 167 968 227 kwam
1022 167 1118 227 vader
1144 169 1210 229 toen
1247 167 1299 227 ook
1321 167 1362 227 no
1394 165 1437 225 een

864 203 948 263 rijkje
973 207 1114 267 eenen,
1131 201 1261 261 moeder
1275 200 1331 260 bed
1357 203 1463 263 bontor

865 239 1072 299 meegegeven,
1084 237 1129 297 hit
1153 237 1214 297 hiet
1235 236 1373 296 meteen
1406 237 1454 297 een

863 275 1112 335 belaanlessen,
1128 273 1182 333 ooor
1200 273 1245 333 het
1259 273 1326 333 swae
1353 274 1409 334 dat
1427 273 1454 333 er

867 311 881 371 d
908 310 1029 370 naert
1059 309 1131 369 eeno
1161 309 1208 369 iet
1232 309 1316 369 was.

859 345 890 405 sl
911 345 939 405 ga
968 345 1020 405 nu
1060 345 1294 405 waaroekijnlijk
1320 345 1443 405 moren

861 379 952 439 naar
972 381 1032 441 loop
1067 378 1232 438 vandaes
1246 381 1267 441 io
1293 382 1368 442 nin
1404 379 1465 439 meu

864 418 916 478 hier
940 413 1146 473 geenveert.
1161 419 1210 479 Een
1227 417 1343 477 perellis
1367 413 1474 473 velikel

875 451 924 511 ter
944 451 1045 511 komt
1067 451 1161 511 gauw
1190 451 1282 511 eens
1307 449 1459 509 theedeniin

864 485 931 545 aan
963 485 1021 545 sal
1047 485 1078 545 ik
1107 487 1200 547 vrastn
1227 486 1250 546 of
1271 485 1311 545 hij
1328 483 1468 543 meeaal

862 521 954 581 was
976 521 1016 581 een
1030 523 1166 583 coneert,
1182 517 1310 577 auders
1332 519 1354 579 sa
1386 519 1415 579 ik
1444 521 1475 581 een

861 558 946 618 met
971 557 1062 617 teun

864 589 939 649 daaer
958 591 1004 651 sit
1032 591 1084 651 nu
1119 591 1193 651 weer
1222 591 1264 651 in
1289 591 1354 651 den
1394 589 1459 649 saer

864 625 946 685 waeer
974 629 1020 689 bij
1047 629 1091 689 een
1116 625 1292 685 stokment
1315 627 1402 687 baan
1432 626 1482 686 heeft

869 661 960 721 heire
981 663 1063 723 kielis
1084 663 1150 723 voor
1167 661 1318 721 moeder,
1332 663 1361 723 so
1385 662 1469 722 alleen

863 697 938 757 met
963 697 972 757 t
1007 697 1124 757 runderen
1140 696 1237 756 tamo
1257 695 1274 755 te
1303 695 1431 755 moeten

878 733 954 793 litten
988 735 1019 795 de
1045 734 1122 794 rust
1150 731 1207 791 sal
1245 731 1321 791 baar
1344 727 1415 787 loop
1430 729 1453 789 ik

865 768 924 828 soed
957 768 1016 828 doen
1054 767 1138 827 wat
1159 767 1192 827 te
1211 768 1234 828 is
1261 767 1368 827 totaal
1387 765 1450 825 over

865 803 1032 863 spannen.

867 836 1056 896 Vanmackt
1080 836 1214 896 droomde
1236 838 1284 898 ik,
1309 837 1388 897 onder
1406 837 1429 897 in

870 871 951 931 vloed
988 871 1037 931 van
1060 872 1153 932 tennis
1178 871 1294 931 bezoek,
1303 873 1354 933 dat
1372 872 1405 932 we
1423 872 1464 932 van

1111 932 1151 955 21
