<?xml version="1.0" encoding="UTF-8" standalone="yes"?>
<PcGts xmlns="http://schema.primaresearch.org/PAGE/gts/pagecontent/2013-07-15" xmlns:xsi="http://www.w3.org/2001/XMLSchema-instance" xsi:schemaLocation="http://schema.primaresearch.org/PAGE/gts/pagecontent/2013-07-15 http://schema.primaresearch.org/PAGE/gts/pagecontent/2013-07-15/pagecontent.xsd">
    <Metadata>
        <Creator>prov=READ-COOP:name=PyLaia@TranskribusPlatform:version=2.14.0:model_id=50786:lm=none:date=24_04_2024_09:26</Creator>
        <Created>2023-12-02T01:20:42.068+01:00</Created>
        <LastChange>2024-04-24T09:47:24.367+02:00</LastChange>
        <TranskribusMetadata docId="1687897" pageId="61988542" pageNr="13" tsid="160050962" status="DONE" userId="145668" imgUrl="https://files.transkribus.eu/Get?id=NNNJVOHYFCIGFGVMVGEGETFC&amp;fileType=view" xmlUrl="https://files.transkribus.eu/Get?id=AQHVNEUWCMSHKFMNFPFWUKOC" imageId="50105350"/>
    </Metadata>
    <Page imageFilename="0013_urn-gvn-EVDO01-IIAV002_IAV001000040-large_13.jpeg" imageWidth="1500" imageHeight="975">
        <ReadingOrder>
            <OrderedGroup id="ro_1713945832287" caption="Regions reading order">
                <RegionRefIndexed index="0" regionRef="r"/>
                <RegionRefIndexed index="1" regionRef="r_4605"/>
                <RegionRefIndexed index="2" regionRef="r_2196"/>
                <RegionRefIndexed index="3" regionRef="r_4606"/>
                <RegionRefIndexed index="4" regionRef="r_2208"/>
                <RegionRefIndexed index="5" regionRef="r_2710"/>
                <RegionRefIndexed index="6" regionRef="r_2754"/>
                <RegionRefIndexed index="7" regionRef="r_3486"/>
                <RegionRefIndexed index="8" regionRef="r_4072"/>
                <RegionRefIndexed index="9" regionRef="r_4427"/>
                <RegionRefIndexed index="10" regionRef="r_4428"/>
            </OrderedGroup>
        </ReadingOrder>
        <Relations/>
        <TextRegion id="r" custom="readingOrder {index:0;} structure {type:paragraph;}">
            <Coords points="139,83 139,367 751,367 751,83"/>
            <TextLine id="tr_1_tl_1" custom="readingOrder {index:0;}">
                <Coords points="150,106 672,120 714,113 713,68 674,81 620,49 558,74 526,53 435,51 412,74 326,81 149,65"/>
                <Baseline points="155,103 183,105 211,103 239,105 267,105 295,105 323,105 351,104 379,104 407,105 435,104 463,103 491,103 519,105 547,105 575,109 603,107 631,107 659,105 687,105 715,109"/>
                <Word id="tr_1_tl_1_w1" custom="readingOrder {index:0;}">
                    <Coords points="155,64 155,124 307,124 307,64 155,64 155,64"/>
                    <TextEquiv>
                        <Unicode>konder</Unicode>
                    </TextEquiv>
                </Word>
                <Word id="tr_1_tl_1_w2" custom="readingOrder {index:1;}">
                    <Coords points="337,64 337,124 385,124 385,64 337,64 337,64"/>
                    <TextEquiv>
                        <Unicode>daa</Unicode>
                    </TextEquiv>
                </Word>
                <Word id="tr_1_tl_1_w3" custom="readingOrder {index:2;}">
                    <Coords points="434,64 434,124 594,124 594,64 434,64 434,64"/>
                    <TextEquiv>
                        <Unicode>houwen,</Unicode>
                    </TextEquiv>
                </Word>
                <Word id="tr_1_tl_1_w4" custom="readingOrder {index:3;}">
                    <Coords points="608,67 608,127 634,127 634,67 608,67 608,67"/>
                    <TextEquiv>
                        <Unicode>In</Unicode>
                    </TextEquiv>
                </Word>
                <Word id="tr_1_tl_1_w5" custom="readingOrder {index:4;}">
                    <Coords points="651,65 651,125 701,125 701,65 651,65 651,65"/>
                    <TextEquiv>
                        <Unicode>oond</Unicode>
                    </TextEquiv>
                </Word>
                <TextEquiv>
                    <Unicode>zouden gaan trouwen. Ik vond</Unicode>
                </TextEquiv>
            </TextLine>
            <TextLine id="tr_1_tl_2" custom="readingOrder {index:1;}">
                <Coords points="142,155 394,144 516,162 616,144 709,161 702,113 563,105 470,126 350,105 173,117 142,98"/>
                <Baseline points="147,139 175,139 203,139 231,139 259,140 288,141 316,141 344,140 372,139 400,139 429,140 457,141 485,141 513,141 541,141 570,141 598,141 626,141 654,139 682,141 711,141"/>
                <Word id="tr_1_tl_2_w1" custom="readingOrder {index:0;}">
                    <Coords points="141,99 141,159 189,159 189,99 141,99 141,99"/>
                    <TextEquiv>
                        <Unicode>het</Unicode>
                    </TextEquiv>
                </Word>
                <Word id="tr_1_tl_2_w2" custom="readingOrder {index:1;}">
                    <Coords points="217,100 217,160 306,160 306,100 217,100 217,100"/>
                    <TextEquiv>
                        <Unicode>kelis,</Unicode>
                    </TextEquiv>
                </Word>
                <Word id="tr_1_tl_2_w3" custom="readingOrder {index:2;}">
                    <Coords points="320,99 320,159 417,159 417,99 320,99 320,99"/>
                    <TextEquiv>
                        <Unicode>alleen</Unicode>
                    </TextEquiv>
                </Word>
                <Word id="tr_1_tl_2_w4" custom="readingOrder {index:3;}">
                    <Coords points="442,101 442,161 543,161 543,101 442,101 442,101"/>
                    <TextEquiv>
                        <Unicode>moest</Unicode>
                    </TextEquiv>
                </Word>
                <Word id="tr_1_tl_2_w5" custom="readingOrder {index:4;}">
                    <Coords points="562,101 562,161 601,161 601,101 562,101 562,101"/>
                    <TextEquiv>
                        <Unicode>hij</Unicode>
                    </TextEquiv>
                </Word>
                <Word id="tr_1_tl_2_w6" custom="readingOrder {index:5;}">
                    <Coords points="619,99 619,159 700,159 700,99 619,99 619,99"/>
                    <TextEquiv>
                        <Unicode>beloven</Unicode>
                    </TextEquiv>
                </Word>
                <TextEquiv>
                    <Unicode>het zalig, alleen moest hij beloven</Unicode>
                </TextEquiv>
            </TextLine>
            <TextLine id="tr_1_tl_3" custom="readingOrder {index:2;}">
                <Coords points="144,190 677,191 713,186 714,157 145,156"/>
                <Baseline points="149,183 177,179 205,177 233,175 262,175 290,177 318,175 347,175 375,175 403,176 432,177 460,177 488,177 516,176 545,175 573,175 601,175 630,173 658,175 686,177 715,181"/>
                <Word id="tr_1_tl_3_w1" custom="readingOrder {index:0;}">
                    <Coords points="146,139 146,199 200,199 200,139 146,139 146,139"/>
                    <TextEquiv>
                        <Unicode>dat</Unicode>
                    </TextEquiv>
                </Word>
                <Word id="tr_1_tl_3_w2" custom="readingOrder {index:1;}">
                    <Coords points="223,135 223,195 247,195 247,135 223,135 223,135"/>
                    <TextEquiv>
                        <Unicode>ik</Unicode>
                    </TextEquiv>
                </Word>
                <Word id="tr_1_tl_3_w3" custom="readingOrder {index:2;}">
                    <Coords points="264,135 264,195 392,195 392,135 264,135 264,135"/>
                    <TextEquiv>
                        <Unicode>kindezen</Unicode>
                    </TextEquiv>
                </Word>
                <Word id="tr_1_tl_3_w4" custom="readingOrder {index:3;}">
                    <Coords points="403,136 403,196 599,196 599,136 403,136 403,136"/>
                    <TextEquiv>
                        <Unicode>Aanmaekt</Unicode>
                    </TextEquiv>
                </Word>
                <Word id="tr_1_tl_3_w5" custom="readingOrder {index:4;}">
                    <Coords points="623,135 623,195 703,195 703,135 623,135 623,135"/>
                    <TextEquiv>
                        <Unicode>nemen</Unicode>
                    </TextEquiv>
                </Word>
                <TextEquiv>
                    <Unicode>dat ik kinderen aan mocht nemen</Unicode>
                </TextEquiv>
            </TextLine>
            <TextLine id="tr_1_tl_4" custom="readingOrder {index:3;}">
                <Coords points="146,221 691,218 691,189 646,179 582,196 146,189"/>
                <Baseline points="151,213 178,213 205,213 232,212 259,211 286,211 313,212 340,212 367,211 394,211 422,211 449,213 476,213 503,212 530,211 557,211 584,210 611,209 638,209 665,210 693,213"/>
                <Word id="tr_1_tl_4_w1" custom="readingOrder {index:0;}">
                    <Coords points="144,173 144,233 195,233 195,173 144,173 144,173"/>
                    <TextEquiv>
                        <Unicode>van</Unicode>
                    </TextEquiv>
                </Word>
                <Word id="tr_1_tl_4_w2" custom="readingOrder {index:1;}">
                    <Coords points="217,171 217,231 342,231 342,171 217,171 217,171"/>
                    <TextEquiv>
                        <Unicode>anderen</Unicode>
                    </TextEquiv>
                </Word>
                <Word id="tr_1_tl_4_w3" custom="readingOrder {index:2;}">
                    <Coords points="369,172 369,232 518,232 518,172 369,172 369,172"/>
                    <TextEquiv>
                        <Unicode>endatir</Unicode>
                    </TextEquiv>
                </Word>
                <Word id="tr_1_tl_4_w4" custom="readingOrder {index:3;}">
                    <Coords points="549,170 549,230 618,230 618,170 549,170 549,170"/>
                    <TextEquiv>
                        <Unicode>niet</Unicode>
                    </TextEquiv>
                </Word>
                <Word id="tr_1_tl_4_w5" custom="readingOrder {index:4;}">
                    <Coords points="639,169 639,229 687,229 687,169 639,169 639,169"/>
                    <TextEquiv>
                        <Unicode>van</Unicode>
                    </TextEquiv>
                </Word>
                <TextEquiv>
                    <Unicode>van anderen, omdat ik niet van</Unicode>
                </TextEquiv>
            </TextLine>
            <TextLine id="tr_1_tl_5" custom="readingOrder {index:4;}">
                <Coords points="148,250 682,266 682,230 638,213 266,214 242,234 148,222"/>
                <Baseline points="153,249 179,249 206,251 232,250 259,249 285,249 312,249 338,249 365,249 391,249 418,249 444,249 471,249 497,248 524,247 550,247 577,247 603,247 630,247 656,253 683,257"/>
                <Word id="tr_1_tl_5_w1" custom="readingOrder {index:0;}">
                    <Coords points="151,209 151,269 200,269 200,209 151,209 151,209"/>
                    <TextEquiv>
                        <Unicode>hem</Unicode>
                    </TextEquiv>
                </Word>
                <Word id="tr_1_tl_5_w2" custom="readingOrder {index:1;}">
                    <Coords points="256,209 256,269 392,269 392,209 256,209 256,209"/>
                    <TextEquiv>
                        <Unicode>kinderen</Unicode>
                    </TextEquiv>
                </Word>
                <Word id="tr_1_tl_5_w3" custom="readingOrder {index:2;}">
                    <Coords points="408,209 408,269 526,269 526,209 408,209 408,209"/>
                    <TextEquiv>
                        <Unicode>deersde</Unicode>
                    </TextEquiv>
                </Word>
                <Word id="tr_1_tl_5_w4" custom="readingOrder {index:3;}">
                    <Coords points="550,207 550,267 568,267 568,207 550,207 550,207"/>
                    <TextEquiv>
                        <Unicode>te</Unicode>
                    </TextEquiv>
                </Word>
                <Word id="tr_1_tl_5_w5" custom="readingOrder {index:4;}">
                    <Coords points="586,207 586,267 680,267 680,207 586,207 586,207"/>
                    <TextEquiv>
                        <Unicode>kuissen,</Unicode>
                    </TextEquiv>
                </Word>
                <TextEquiv>
                    <Unicode>hem kinderen durfde te krijgen,</Unicode>
                </TextEquiv>
            </TextLine>
            <TextLine id="tr_1_tl_6" custom="readingOrder {index:5;}">
                <Coords points="138,292 713,298 704,256 339,266 138,245"/>
                <Baseline points="143,281 171,281 200,283 228,283 257,283 286,283 314,283 343,282 371,281 400,282 429,283 457,283 486,283 514,283 543,283 572,283 600,283 629,283 657,283 686,285 715,287"/>
                <Word id="tr_1_tl_6_w1" custom="readingOrder {index:0;}">
                    <Coords points="139,241 139,301 216,301 216,241 139,241 139,241"/>
                    <TextEquiv>
                        <Unicode>banp</Unicode>
                    </TextEquiv>
                </Word>
                <Word id="tr_1_tl_6_w2" custom="readingOrder {index:1;}">
                    <Coords points="235,243 235,303 280,303 280,243 235,243 235,243"/>
                    <TextEquiv>
                        <Unicode>dat</Unicode>
                    </TextEquiv>
                </Word>
                <Word id="tr_1_tl_6_w3" custom="readingOrder {index:2;}">
                    <Coords points="302,242 302,302 333,302 333,242 302,242 302,242"/>
                    <TextEquiv>
                        <Unicode>ik</Unicode>
                    </TextEquiv>
                </Word>
                <Word id="tr_1_tl_6_w4" custom="readingOrder {index:3;}">
                    <Coords points="351,241 351,301 437,301 437,241 351,241 351,241"/>
                    <TextEquiv>
                        <Unicode>was,</Unicode>
                    </TextEquiv>
                </Word>
                <Word id="tr_1_tl_6_w5" custom="readingOrder {index:4;}">
                    <Coords points="447,243 447,303 502,303 502,243 447,243 447,243"/>
                    <TextEquiv>
                        <Unicode>dat</Unicode>
                    </TextEquiv>
                </Word>
                <Word id="tr_1_tl_6_w6" custom="readingOrder {index:5;}">
                    <Coords points="518,243 518,303 542,303 542,243 518,243 518,243"/>
                    <TextEquiv>
                        <Unicode>he</Unicode>
                    </TextEquiv>
                </Word>
                <Word id="tr_1_tl_6_w7" custom="readingOrder {index:6;}">
                    <Coords points="566,243 566,303 617,303 617,243 566,243 566,243"/>
                    <TextEquiv>
                        <Unicode>ook</Unicode>
                    </TextEquiv>
                </Word>
                <Word id="tr_1_tl_6_w8" custom="readingOrder {index:7;}">
                    <Coords points="643,244 643,304 714,304 714,244 643,244 643,244"/>
                    <TextEquiv>
                        <Unicode>duken</Unicode>
                    </TextEquiv>
                </Word>
                <TextEquiv>
                    <Unicode>bang dat ik was, dat ze ook suiker</Unicode>
                </TextEquiv>
            </TextLine>
            <TextLine id="tr_1_tl_7" custom="readingOrder {index:6;}">
                <Coords points="136,324 314,321 344,342 406,319 467,341 516,322 713,330 713,298 636,284 531,305 406,284 136,293"/>
                <Baseline points="141,315 169,315 198,315 227,315 255,317 284,315 313,316 341,317 370,317 399,317 428,318 456,319 485,319 514,319 542,318 571,317 600,317 628,317 657,315 686,316 715,321"/>
                <Word id="tr_1_tl_7_w1" custom="readingOrder {index:0;}">
                    <Coords points="137,275 137,335 261,335 261,275 137,275 137,275"/>
                    <TextEquiv>
                        <Unicode>kenden</Unicode>
                    </TextEquiv>
                </Word>
                <Word id="tr_1_tl_7_w2" custom="readingOrder {index:1;}">
                    <Coords points="289,276 289,336 369,336 369,276 289,276 289,276"/>
                    <TextEquiv>
                        <Unicode>krijsen</Unicode>
                    </TextEquiv>
                </Word>
                <Word id="tr_1_tl_7_w3" custom="readingOrder {index:2;}">
                    <Coords points="400,278 400,338 508,338 508,278 400,278 400,278"/>
                    <TextEquiv>
                        <Unicode>mosen</Unicode>
                    </TextEquiv>
                </Word>
                <Word id="tr_1_tl_7_w4" custom="readingOrder {index:3;}">
                    <Coords points="545,277 545,337 644,337 644,277 545,277 545,277"/>
                    <TextEquiv>
                        <Unicode>maar</Unicode>
                    </TextEquiv>
                </Word>
                <Word id="tr_1_tl_7_w5" custom="readingOrder {index:4;}">
                    <Coords points="665,276 665,336 710,336 710,276 665,276 665,276"/>
                    <TextEquiv>
                        <Unicode>weer</Unicode>
                    </TextEquiv>
                </Word>
                <TextEquiv>
                    <Unicode>zouden krijgen. Morgen maar weer</Unicode>
                </TextEquiv>
            </TextLine>
            <TextLine id="tr_1_tl_8" custom="readingOrder {index:7;}">
                <Coords points="134,354 218,360 246,381 275,358 326,375 356,354 485,356 485,336 469,343 439,323 403,321 348,344 314,321 286,331 261,319 222,333 134,322"/>
                <Baseline points="139,351 165,353 192,355 219,355 246,354 272,353 299,353 326,353 353,353 379,353 406,353 433,351 460,351 487,353"/>
                <Word id="tr_1_tl_8_w1" custom="readingOrder {index:0;}">
                    <Coords points="134,312 134,372 194,372 194,312 134,312 134,312"/>
                    <TextEquiv>
                        <Unicode>een</Unicode>
                    </TextEquiv>
                </Word>
                <Word id="tr_1_tl_8_w2" custom="readingOrder {index:1;}">
                    <Coords points="217,313 217,373 337,373 337,313 217,313 217,313"/>
                    <TextEquiv>
                        <Unicode>einje</Unicode>
                    </TextEquiv>
                </Word>
                <Word id="tr_1_tl_8_w3" custom="readingOrder {index:2;}">
                    <Coords points="369,312 369,372 468,372 468,312 369,312 369,312"/>
                    <TextEquiv>
                        <Unicode>verder</Unicode>
                    </TextEquiv>
                </Word>
                <TextEquiv>
                    <Unicode>een eindje verder.</Unicode>
                </TextEquiv>
            </TextLine>
            <TextEquiv>
                <Unicode></Unicode>
            </TextEquiv>
        </TextRegion>
        <TextRegion id="r_4605" custom="readingOrder {index:1;} structure {type:paragraph;}">
            <Coords points="139,367 139,470 751,470 751,367"/>
            <TextLine id="tr_1_tl_9" custom="readingOrder {index:0;} person {offset:0; length:4;} unclear {offset:7; length:3;} person {offset:7; length:3;} person {offset:15; length:11;} unclear {offset:15; length:5;} unclear {offset:21; length:5;}">
                <Coords points="144,393 715,402 715,338 589,326 513,365 357,355 325,375 144,354"/>
                <Baseline points="149,385 177,385 205,383 234,383 262,383 291,384 319,384 347,384 376,385 404,386 433,387 461,386 489,386 518,387 546,387 575,385 603,385 631,385 660,385 688,385 717,389"/>
                <Word id="tr_1_tl_9_w1" custom="readingOrder {index:0;}">
                    <Coords points="142,344 142,404 221,404 221,344 142,344 142,344 142,344 142,344"/>
                    <TextEquiv>
                        <Unicode>koost</Unicode>
                    </TextEquiv>
                </Word>
                <Word id="tr_1_tl_9_w2" custom="readingOrder {index:1;}">
                    <Coords points="241,343 241,403 279,403 279,343 241,343 241,343 241,343 241,343"/>
                    <TextEquiv>
                        <Unicode>sep</Unicode>
                    </TextEquiv>
                </Word>
                <Word id="tr_1_tl_9_w3" custom="readingOrder {index:2;}">
                    <Coords points="306,344 306,404 390,404 390,344 306,344 306,344 306,344 306,344"/>
                    <TextEquiv>
                        <Unicode>met</Unicode>
                    </TextEquiv>
                </Word>
                <Word id="tr_1_tl_9_w4" custom="readingOrder {index:3;}">
                    <Coords points="414,346 414,406 490,406 490,346 414,346 414,346 414,346 414,346"/>
                    <TextEquiv>
                        <Unicode>teem</Unicode>
                    </TextEquiv>
                </Word>
                <Word id="tr_1_tl_9_w5" custom="readingOrder {index:4;}">
                    <Coords points="546,345 546,405 619,405 619,345 546,345 546,345 546,345 546,345"/>
                    <TextEquiv>
                        <Unicode>Loost</Unicode>
                    </TextEquiv>
                </Word>
                <Word id="tr_1_tl_9_w6" custom="readingOrder {index:5;}">
                    <Coords points="645,345 645,405 712,405 712,345 645,345 645,345 645,345 645,345"/>
                    <TextEquiv>
                        <Unicode>lebten</Unicode>
                    </TextEquiv>
                </Word>
                <TextEquiv>
                    <Unicode>Koos + Pep met Herm. Joost hebben</Unicode>
                </TextEquiv>
            </TextLine>
            <TextLine id="tr_1_tl_10" custom="readingOrder {index:1;}">
                <Coords points="138,430 194,442 235,422 289,448 315,426 407,442 641,425 675,449 735,430 735,391 578,391 552,412 440,389 138,390"/>
                <Baseline points="143,421 172,421 202,421 232,421 261,421 291,421 321,421 350,421 380,423 410,423 440,423 469,423 499,421 529,421 558,421 588,419 618,421 647,421 677,421 707,419 737,421"/>
                <Word id="tr_1_tl_10_w1" custom="readingOrder {index:0;}">
                    <Coords points="137,381 137,441 190,441 190,381 137,381 137,381 137,381 137,381"/>
                    <TextEquiv>
                        <Unicode>een</Unicode>
                    </TextEquiv>
                </Word>
                <Word id="tr_1_tl_10_w2" custom="readingOrder {index:1;}">
                    <Coords points="215,381 215,441 340,441 340,381 215,381 215,381 215,381 215,381"/>
                    <TextEquiv>
                        <Unicode>telestam</Unicode>
                    </TextEquiv>
                </Word>
                <Word id="tr_1_tl_10_w3" custom="readingOrder {index:2;}">
                    <Coords points="379,383 379,443 531,443 531,383 379,383 379,383 379,383 379,383"/>
                    <TextEquiv>
                        <Unicode>gestuurd</Unicode>
                    </TextEquiv>
                </Word>
                <Word id="tr_1_tl_10_w4" custom="readingOrder {index:3;}">
                    <Coords points="565,379 565,439 616,439 616,379 565,379 565,379 565,379 565,379"/>
                    <TextEquiv>
                        <Unicode>dat</Unicode>
                    </TextEquiv>
                </Word>
                <Word id="tr_1_tl_10_w5" custom="readingOrder {index:4;}">
                    <Coords points="635,381 635,441 659,441 659,381 635,381 635,381 635,381 635,381"/>
                    <TextEquiv>
                        <Unicode>he</Unicode>
                    </TextEquiv>
                </Word>
                <Word id="tr_1_tl_10_w6" custom="readingOrder {index:5;}">
                    <Coords points="672,379 672,439 727,439 727,379 672,379 672,379 672,379 672,379"/>
                    <TextEquiv>
                        <Unicode>goed</Unicode>
                    </TextEquiv>
                </Word>
                <TextEquiv>
                    <Unicode>een telegram gestuurd dat ze goed</Unicode>
                </TextEquiv>
            </TextLine>
            <TextLine id="tr_1_tl_11" custom="readingOrder {index:2;} organization {offset:3; length:9;}">
                <Coords points="146,463 711,466 711,435 666,447 612,425 401,445 351,425 289,448 233,424 195,444 146,433"/>
                <Baseline points="151,453 179,455 207,457 235,455 263,455 291,455 319,455 347,455 375,456 403,457 432,458 460,459 488,459 516,459 544,459 572,457 600,455 628,455 656,455 684,457 713,459"/>
                <Word id="tr_1_tl_11_w1" custom="readingOrder {index:0;}">
                    <Coords points="147,413 147,473 177,473 177,413 147,413 147,413 147,413 147,413"/>
                    <TextEquiv>
                        <Unicode>in</Unicode>
                    </TextEquiv>
                </Word>
                <Word id="tr_1_tl_11_w2" custom="readingOrder {index:1;}">
                    <Coords points="214,415 214,475 378,475 378,415 214,415 214,415 214,415 214,415"/>
                    <TextEquiv>
                        <Unicode>drmlto</Unicode>
                    </TextEquiv>
                </Word>
                <Word id="tr_1_tl_11_w3" custom="readingOrder {index:2;}">
                    <Coords points="430,419 430,479 491,479 491,419 430,419 430,419 430,419 430,419"/>
                    <TextEquiv>
                        <Unicode>zijn</Unicode>
                    </TextEquiv>
                </Word>
                <Word id="tr_1_tl_11_w4" custom="readingOrder {index:3;}">
                    <Coords points="518,415 518,475 661,475 661,415 518,415 518,415 518,415 518,415"/>
                    <TextEquiv>
                        <Unicode>aangekom</Unicode>
                    </TextEquiv>
                </Word>
                <TextEquiv>
                    <Unicode>in Princeton zijn aangekomen.</Unicode>
                </TextEquiv>
            </TextLine>
            <TextEquiv>
                <Unicode></Unicode>
            </TextEquiv>
        </TextRegion>
        <TextRegion id="r_2196" custom="readingOrder {index:2;} structure {type:heading;}">
            <Coords points="65,450 139,450 139,521 65,521"/>
            <TextLine id="l_2732" custom="readingOrder {index:0;} blackening {offset:1; length:1;} textStyle {offset:1; length:1;strikethrough:true;}">
                <Coords points="79,499 109,497 131,496 130,472 108,473 77,475"/>
                <Baseline points="79,499 109,497 131,496"/>
                <TextEquiv>
                    <Unicode>278.</Unicode>
                </TextEquiv>
            </TextLine>
            <TextEquiv>
                <Unicode></Unicode>
            </TextEquiv>
        </TextRegion>
        <TextRegion id="r_4606" custom="readingOrder {index:3;} structure {type:paragraph;}">
            <Coords points="139,470 139,606 751,606 751,470"/>
            <TextLine id="tr_1_tl_12" custom="readingOrder {index:0;}">
                <Coords points="150,498 331,498 361,522 404,497 721,498 712,469 150,461"/>
                <Baseline points="155,491 183,491 211,491 240,491 268,493 297,493 325,494 353,494 382,493 410,493 439,494 467,495 495,494 524,492 552,491 581,491 609,491 637,491 666,489 694,491 723,493"/>
                <Word id="tr_1_tl_12_w1" custom="readingOrder {index:0;}">
                    <Coords points="153,451 153,511 202,511 202,451 153,451 153,451 153,451 153,451"/>
                    <TextEquiv>
                        <Unicode>Een</Unicode>
                    </TextEquiv>
                </Word>
                <Word id="tr_1_tl_12_w2" custom="readingOrder {index:1;}">
                    <Coords points="239,453 239,513 301,513 301,453 239,453 239,453 239,453 239,453"/>
                    <TextEquiv>
                        <Unicode>hele</Unicode>
                    </TextEquiv>
                </Word>
                <Word id="tr_1_tl_12_w3" custom="readingOrder {index:2;}">
                    <Coords points="320,454 320,514 364,514 364,454 320,454 320,454 320,454 320,454"/>
                    <TextEquiv>
                        <Unicode>tijd</Unicode>
                    </TextEquiv>
                </Word>
                <Word id="tr_1_tl_12_w4" custom="readingOrder {index:3;}">
                    <Coords points="393,453 393,513 484,513 484,453 393,453 393,453 393,453 393,453"/>
                    <TextEquiv>
                        <Unicode>hebik</Unicode>
                    </TextEquiv>
                </Word>
                <Word id="tr_1_tl_12_w5" custom="readingOrder {index:4;}">
                    <Coords points="516,451 516,511 605,511 605,451 516,451 516,451 516,451 516,451"/>
                    <TextEquiv>
                        <Unicode>niet</Unicode>
                    </TextEquiv>
                </Word>
                <Word id="tr_1_tl_12_w6" custom="readingOrder {index:5;}">
                    <Coords points="628,449 628,509 714,509 714,449 628,449 628,449 628,449 628,449"/>
                    <TextEquiv>
                        <Unicode>meer</Unicode>
                    </TextEquiv>
                </Word>
                <TextEquiv>
                    <Unicode>Een hele tijd heb ik niet meer</Unicode>
                </TextEquiv>
            </TextLine>
            <TextLine id="tr_1_tl_13" custom="readingOrder {index:1;} unclear {offset:26; length:4;}">
                <Coords points="154,530 735,538 735,499 712,497 403,497 364,524 331,498 271,515 246,496 154,498"/>
                <Baseline points="159,525 187,527 216,529 245,529 274,529 303,529 332,531 361,530 390,528 419,527 448,527 476,527 505,526 534,525 563,525 592,525 621,526 650,526 679,525 708,525 737,527"/>
                <Word id="tr_1_tl_13_w1" custom="readingOrder {index:0;}">
                    <Coords points="152,489 152,549 351,549 351,489 152,489 152,489 152,489 152,489"/>
                    <TextEquiv>
                        <Unicode>heberwen.</Unicode>
                    </TextEquiv>
                </Word>
                <Word id="tr_1_tl_13_w2" custom="readingOrder {index:1;}">
                    <Coords points="372,487 372,547 517,547 517,487 372,487 372,487 372,487 372,487"/>
                    <TextEquiv>
                        <Unicode>Aioniel</Unicode>
                    </TextEquiv>
                </Word>
                <Word id="tr_1_tl_13_w3" custom="readingOrder {index:2;}">
                    <Coords points="549,485 549,545 581,545 581,485 549,485 549,485 549,485 549,485"/>
                    <TextEquiv>
                        <Unicode>lo</Unicode>
                    </TextEquiv>
                </Word>
                <Word id="tr_1_tl_13_w4" custom="readingOrder {index:3;}">
                    <Coords points="601,486 601,546 655,546 655,486 601,486 601,486 601,486 601,486"/>
                    <TextEquiv>
                        <Unicode>baen</Unicode>
                    </TextEquiv>
                </Word>
                <Word id="tr_1_tl_13_w5" custom="readingOrder {index:4;}">
                    <Coords points="667,485 667,545 724,545 724,485 667,485 667,485 667,485 667,485"/>
                    <TextEquiv>
                        <Unicode>vel</Unicode>
                    </TextEquiv>
                </Word>
                <TextEquiv>
                    <Unicode>geschreven. Er is niet zo heel veel</Unicode>
                </TextEquiv>
            </TextLine>
            <TextLine id="tr_1_tl_14" custom="readingOrder {index:2;}">
                <Coords points="148,582 563,568 614,593 642,569 749,593 749,543 699,534 345,531 313,553 285,532 148,532"/>
                <Baseline points="153,563 182,563 212,565 242,565 272,563 302,563 332,563 362,561 392,563 422,563 452,563 481,563 511,563 541,563 571,563 601,563 631,563 661,563 691,563 721,563 751,567"/>
                <Word id="tr_1_tl_14_w1" custom="readingOrder {index:0;}">
                    <Coords points="145,525 145,585 313,585 313,525 145,525 145,525 145,525 145,525"/>
                    <TextEquiv>
                        <Unicode>feleur.</Unicode>
                    </TextEquiv>
                </Word>
                <Word id="tr_1_tl_14_w2" custom="readingOrder {index:1;}">
                    <Coords points="338,521 338,581 367,581 367,521 338,521 338,521 338,521 338,521"/>
                    <TextEquiv>
                        <Unicode>sk</Unicode>
                    </TextEquiv>
                </Word>
                <Word id="tr_1_tl_14_w3" custom="readingOrder {index:2;}">
                    <Coords points="403,523 403,583 459,583 459,523 403,523 403,523 403,523 403,523"/>
                    <TextEquiv>
                        <Unicode>had</Unicode>
                    </TextEquiv>
                </Word>
                <Word id="tr_1_tl_14_w4" custom="readingOrder {index:3;}">
                    <Coords points="493,523 493,583 538,583 538,523 493,523 493,523 493,523 493,523"/>
                    <TextEquiv>
                        <Unicode>het</Unicode>
                    </TextEquiv>
                </Word>
                <Word id="tr_1_tl_14_w5" custom="readingOrder {index:4;}">
                    <Coords points="563,523 563,583 603,583 603,523 563,523 563,523 563,523 563,523"/>
                    <TextEquiv>
                        <Unicode>ees</Unicode>
                    </TextEquiv>
                </Word>
                <Word id="tr_1_tl_14_w6" custom="readingOrder {index:5;}">
                    <Coords points="621,523 621,583 743,583 743,523 621,523 621,523 621,523 621,523"/>
                    <TextEquiv>
                        <Unicode>densme</Unicode>
                    </TextEquiv>
                </Word>
                <TextEquiv>
                    <Unicode>gebeurd. Ik had het erg druk met</Unicode>
                </TextEquiv>
            </TextLine>
            <TextLine id="tr_1_tl_15" custom="readingOrder {index:3;}">
                <Coords points="142,602 165,600 169,604 175,599 199,604 253,602 252,580 239,581 222,569 201,580 191,580 174,571 150,589 142,586"/>
                <Baseline points="147,595 174,597 201,597 228,597 255,599"/>
                <Word id="tr_1_tl_15_w1" custom="readingOrder {index:0;}">
                    <Coords points="143,557 143,617 250,617 250,557 143,557 143,557 143,557 143,557"/>
                    <TextEquiv>
                        <Unicode>bezoek.</Unicode>
                    </TextEquiv>
                </Word>
                <TextEquiv>
                    <Unicode>bezoek.</Unicode>
                </TextEquiv>
            </TextLine>
            <TextEquiv>
                <Unicode></Unicode>
            </TextEquiv>
        </TextRegion>
        <TextRegion id="r_2208" custom="readingOrder {index:4;} structure {type:paragraph;}">
            <Coords points="139,606 139,929 751,929 751,606"/>
            <TextLine id="tr_1_tl_16" custom="readingOrder {index:0;}">
                <Coords points="142,638 428,639 456,663 514,637 743,641 743,609 713,600 688,624 627,602 142,603"/>
                <Baseline points="147,633 176,633 206,633 236,633 266,633 296,633 326,635 356,635 386,633 416,633 446,633 475,633 505,633 535,633 565,633 595,631 625,633 655,633 685,635 715,635 745,635"/>
                <Word id="tr_1_tl_16_w1" custom="readingOrder {index:0;}">
                    <Coords points="141,593 141,653 290,653 290,593 141,593 141,593 141,593"/>
                    <TextEquiv>
                        <Unicode>allereerst</Unicode>
                    </TextEquiv>
                </Word>
                <Word id="tr_1_tl_16_w2" custom="readingOrder {index:1;}">
                    <Coords points="315,594 315,654 417,654 417,594 315,594 315,594 315,594"/>
                    <TextEquiv>
                        <Unicode>moet</Unicode>
                    </TextEquiv>
                </Word>
                <Word id="tr_1_tl_16_w3" custom="readingOrder {index:2;}">
                    <Coords points="437,593 437,653 464,653 464,593 437,593 437,593 437,593"/>
                    <TextEquiv>
                        <Unicode>is</Unicode>
                    </TextEquiv>
                </Word>
                <Word id="tr_1_tl_16_w4" custom="readingOrder {index:3;}">
                    <Coords points="482,593 482,653 543,653 543,593 482,593 482,593 482,593"/>
                    <TextEquiv>
                        <Unicode>even</Unicode>
                    </TextEquiv>
                </Word>
                <Word id="tr_1_tl_16_w5" custom="readingOrder {index:4;}">
                    <Coords points="564,593 564,653 697,653 697,593 564,593 564,593 564,593"/>
                    <TextEquiv>
                        <Unicode>vertellen,</Unicode>
                    </TextEquiv>
                </Word>
                <Word id="tr_1_tl_16_w6" custom="readingOrder {index:5;}">
                    <Coords points="708,595 708,655 742,655 742,595 708,595 708,595 708,595"/>
                    <TextEquiv>
                        <Unicode>dat</Unicode>
                    </TextEquiv>
                </Word>
                <TextEquiv>
                    <Unicode>Allereerst moet ik even vertellen, dat</Unicode>
                </TextEquiv>
            </TextLine>
            <TextLine id="tr_1_tl_17" custom="readingOrder {index:1;} person {offset:0; length:5;}">
                <Coords points="142,671 265,671 306,691 346,670 471,670 504,692 526,674 713,673 713,650 667,638 513,637 461,663 396,642 142,638"/>
                <Baseline points="147,665 175,665 203,667 232,669 260,669 289,669 317,669 345,669 374,669 402,669 431,669 459,669 487,669 516,669 544,669 573,667 601,667 629,667 658,667 686,669 715,671"/>
                <Word id="tr_1_tl_17_w1" custom="readingOrder {index:0;}">
                    <Coords points="143,625 143,685 218,685 218,625 143,625 143,625 143,625"/>
                    <TextEquiv>
                        <Unicode>vader</Unicode>
                    </TextEquiv>
                </Word>
                <Word id="tr_1_tl_17_w2" custom="readingOrder {index:1;}">
                    <Coords points="239,629 239,689 287,689 287,629 239,629 239,629 239,629"/>
                    <TextEquiv>
                        <Unicode>een</Unicode>
                    </TextEquiv>
                </Word>
                <Word id="tr_1_tl_17_w3" custom="readingOrder {index:2;}">
                    <Coords points="296,629 296,689 424,689 424,629 296,629 296,629 296,629"/>
                    <TextEquiv>
                        <Unicode>pennon</Unicode>
                    </TextEquiv>
                </Word>
                <Word id="tr_1_tl_17_w4" custom="readingOrder {index:3;}">
                    <Coords points="461,629 461,689 525,689 525,629 461,629 461,629 461,629"/>
                    <TextEquiv>
                        <Unicode>heeft</Unicode>
                    </TextEquiv>
                </Word>
                <Word id="tr_1_tl_17_w5" custom="readingOrder {index:4;}">
                    <Coords points="539,627 539,687 653,687 653,627 539,627 539,627 539,627"/>
                    <TextEquiv>
                        <Unicode>gezocht</Unicode>
                    </TextEquiv>
                </Word>
                <Word id="tr_1_tl_17_w6" custom="readingOrder {index:5;}">
                    <Coords points="668,628 668,688 695,688 695,628 668,628 668,628 668,628"/>
                    <TextEquiv>
                        <Unicode>in</Unicode>
                    </TextEquiv>
                </Word>
                <TextEquiv>
                    <Unicode>vader een pension heeft gezocht in</Unicode>
                </TextEquiv>
            </TextLine>
            <TextLine id="tr_1_tl_18" custom="readingOrder {index:2;} place {offset:0; length:8;}">
                <Coords points="142,706 255,724 313,706 719,714 719,683 672,672 563,687 527,673 505,693 471,670 346,670 307,690 265,671 142,672"/>
                <Baseline points="147,699 175,701 204,703 233,705 261,705 290,705 319,705 347,704 376,704 405,705 434,704 462,703 491,703 520,702 548,702 577,703 606,702 634,701 663,701 692,702 721,705"/>
                <Word id="tr_1_tl_18_w1" custom="readingOrder {index:0;}">
                    <Coords points="145,661 145,721 212,721 212,661 145,661 145,661 145,661"/>
                    <TextEquiv>
                        <Unicode>den</Unicode>
                    </TextEquiv>
                </Word>
                <Word id="tr_1_tl_18_w2" custom="readingOrder {index:1;}">
                    <Coords points="237,665 237,725 324,725 324,665 237,665 237,665 237,665"/>
                    <TextEquiv>
                        <Unicode>tas.</Unicode>
                    </TextEquiv>
                </Word>
                <Word id="tr_1_tl_18_w3" custom="readingOrder {index:2;}">
                    <Coords points="343,664 343,724 386,724 386,664 343,664 343,664 343,664"/>
                    <TextEquiv>
                        <Unicode>nu</Unicode>
                    </TextEquiv>
                </Word>
                <Word id="tr_1_tl_18_w4" custom="readingOrder {index:3;}">
                    <Coords points="427,663 427,723 450,723 450,663 427,663 427,663 427,663"/>
                    <TextEquiv>
                        <Unicode>is</Unicode>
                    </TextEquiv>
                </Word>
                <Word id="tr_1_tl_18_w5" custom="readingOrder {index:4;}">
                    <Coords points="471,663 471,723 503,723 503,663 471,663 471,663 471,663"/>
                    <TextEquiv>
                        <Unicode>hy</Unicode>
                    </TextEquiv>
                </Word>
                <Word id="tr_1_tl_18_w6" custom="readingOrder {index:5;}">
                    <Coords points="515,661 515,721 712,721 712,661 515,661 515,661 515,661"/>
                    <TextEquiv>
                        <Unicode>draenaartoe</Unicode>
                    </TextEquiv>
                </Word>
                <TextEquiv>
                    <Unicode>Den Haag. Nu is hij daarnaartoe</Unicode>
                </TextEquiv>
            </TextLine>
            <TextLine id="tr_1_tl_19" custom="readingOrder {index:3;} organization {offset:29; length:6; continued:true;}">
                <Coords points="146,746 511,740 645,763 745,742 731,709 560,708 504,729 454,704 374,723 313,706 263,728 146,709"/>
                <Baseline points="151,735 180,737 210,739 240,739 270,739 300,739 329,739 359,739 389,739 419,739 449,737 478,737 508,737 538,737 568,737 598,739 627,739 657,739 687,739 717,737 747,737"/>
                <Word id="tr_1_tl_19_w1" custom="readingOrder {index:0;}">
                    <Coords points="146,699 146,759 331,759 331,699 146,699 146,699 146,699"/>
                    <TextEquiv>
                        <Unicode>verkuidt,</Unicode>
                    </TextEquiv>
                </Word>
                <Word id="tr_1_tl_19_w2" custom="readingOrder {index:1;}">
                    <Coords points="342,699 342,759 370,759 370,699 342,699 342,699 342,699"/>
                    <TextEquiv>
                        <Unicode>om</Unicode>
                    </TextEquiv>
                </Word>
                <Word id="tr_1_tl_19_w3" custom="readingOrder {index:2;}">
                    <Coords points="405,698 405,758 458,758 458,698 405,698 405,698 405,698"/>
                    <TextEquiv>
                        <Unicode>dat</Unicode>
                    </TextEquiv>
                </Word>
                <Word id="tr_1_tl_19_w4" custom="readingOrder {index:3;}">
                    <Coords points="477,697 477,757 509,757 509,697 477,697 477,697 477,697"/>
                    <TextEquiv>
                        <Unicode>zy</Unicode>
                    </TextEquiv>
                </Word>
                <Word id="tr_1_tl_19_w5" custom="readingOrder {index:4;}">
                    <Coords points="526,697 526,757 615,757 615,697 526,697 526,697 526,697"/>
                    <TextEquiv>
                        <Unicode>werkt</Unicode>
                    </TextEquiv>
                </Word>
                <Word id="tr_1_tl_19_w6" custom="readingOrder {index:5;}">
                    <Coords points="638,699 638,759 656,759 656,699 638,699 638,699 638,699"/>
                    <TextEquiv>
                        <Unicode>op</Unicode>
                    </TextEquiv>
                </Word>
                <Word id="tr_1_tl_19_w7" custom="readingOrder {index:6;}">
                    <Coords points="679,697 679,757 734,757 734,697 679,697 679,697 679,697"/>
                    <TextEquiv>
                        <Unicode>eion</Unicode>
                    </TextEquiv>
                </Word>
                <TextEquiv>
                    <Unicode>verhuisd, omdat hij werkt op econo-</Unicode>
                </TextEquiv>
            </TextLine>
            <TextLine id="tr_1_tl_20" custom="readingOrder {index:4;} organization {offset:0; length:12; continued:true;} place {offset:16; length:10;}">
                <Coords points="140,772 184,787 525,778 572,801 605,785 605,747 588,743 140,750"/>
                <Baseline points="145,771 170,773 196,774 222,775 247,775 273,774 299,773 324,773 350,775 376,775 401,774 427,774 453,775 478,775 504,773 530,773 555,774 581,775 607,775"/>
                <Word id="tr_1_tl_20_w1" custom="readingOrder {index:0;}">
                    <Coords points="140,734 140,794 258,794 258,734 140,734 140,734 140,734"/>
                    <TextEquiv>
                        <Unicode>mische</Unicode>
                    </TextEquiv>
                </Word>
                <Word id="tr_1_tl_20_w2" custom="readingOrder {index:1;}">
                    <Coords points="277,733 277,793 361,793 361,733 277,733 277,733 277,733"/>
                    <TextEquiv>
                        <Unicode>laken</Unicode>
                    </TextEquiv>
                </Word>
                <Word id="tr_1_tl_20_w3" custom="readingOrder {index:2;}">
                    <Coords points="377,734 377,794 397,794 397,734 377,734 377,734 377,734"/>
                    <TextEquiv>
                        <Unicode>in</Unicode>
                    </TextEquiv>
                </Word>
                <Word id="tr_1_tl_20_w4" custom="readingOrder {index:3;}">
                    <Coords points="426,734 426,794 477,794 477,734 426,734 426,734 426,734"/>
                    <TextEquiv>
                        <Unicode>het</Unicode>
                    </TextEquiv>
                </Word>
                <Word id="tr_1_tl_20_w5" custom="readingOrder {index:4;}">
                    <Coords points="485,733 485,793 591,793 591,733 485,733 485,733 485,733"/>
                    <TextEquiv>
                        <Unicode>tlaasje</Unicode>
                    </TextEquiv>
                </Word>
                <TextEquiv>
                    <Unicode>mische zaken in het Haagje.</Unicode>
                </TextEquiv>
            </TextLine>
            <TextLine id="tr_1_tl_21" custom="readingOrder {index:5;} person {offset:0; length:13;} person {offset:17; length:11;} unclear {offset:23; length:5;}">
                <Coords points="150,813 288,828 414,813 461,836 530,812 741,818 741,777 596,782 572,801 525,778 150,782"/>
                <Baseline points="155,809 184,809 213,809 243,809 272,809 302,809 331,809 360,809 390,811 419,811 449,811 478,809 507,809 537,809 566,809 596,808 625,806 654,805 684,806 713,807 743,811"/>
                <Word id="tr_1_tl_21_w1" custom="readingOrder {index:0;}">
                    <Coords points="147,769 147,829 232,829 232,769 147,769 147,769 147,769"/>
                    <TextEquiv>
                        <Unicode>ante</Unicode>
                    </TextEquiv>
                </Word>
                <Word id="tr_1_tl_21_w2" custom="readingOrder {index:1;}">
                    <Coords points="246,769 246,829 362,829 362,769 246,769 246,769 246,769"/>
                    <TextEquiv>
                        <Unicode>Reuca</Unicode>
                    </TextEquiv>
                </Word>
                <Word id="tr_1_tl_21_w3" custom="readingOrder {index:2;}">
                    <Coords points="395,771 395,831 430,831 430,771 395,771 395,771 395,771"/>
                    <TextEquiv>
                        <Unicode>en</Unicode>
                    </TextEquiv>
                </Word>
                <Word id="tr_1_tl_21_w4" custom="readingOrder {index:3;}">
                    <Coords points="454,769 454,829 546,829 546,769 454,769 454,769 454,769"/>
                    <TextEquiv>
                        <Unicode>Guile</Unicode>
                    </TextEquiv>
                </Word>
                <Word id="tr_1_tl_21_w5" custom="readingOrder {index:4;}">
                    <Coords points="563,765 563,825 688,825 688,765 563,765 563,765 563,765"/>
                    <TextEquiv>
                        <Unicode>mouts</Unicode>
                    </TextEquiv>
                </Word>
                <Word id="tr_1_tl_21_w6" custom="readingOrder {index:5;}">
                    <Coords points="703,768 703,828 738,828 738,768 703,768 703,768 703,768"/>
                    <TextEquiv>
                        <Unicode>zijn</Unicode>
                    </TextEquiv>
                </Word>
                <TextEquiv>
                    <Unicode>Tante Rebecca en Oncle Mouts zijn</Unicode>
                </TextEquiv>
            </TextLine>
            <TextLine id="tr_1_tl_22" custom="readingOrder {index:6;}">
                <Coords points="148,847 180,866 208,844 733,850 733,824 699,819 530,812 411,836 343,811 289,828 148,813"/>
                <Baseline points="153,845 182,843 211,843 240,843 269,843 298,843 327,845 356,845 385,845 414,845 444,845 473,845 502,845 531,845 560,845 589,845 618,844 647,843 676,843 705,843 735,845"/>
                <Word id="tr_1_tl_22_w1" custom="readingOrder {index:0;}">
                    <Coords points="146,804 146,864 170,864 170,804 146,804 146,804 146,804"/>
                    <TextEquiv>
                        <Unicode>bi</Unicode>
                    </TextEquiv>
                </Word>
                <Word id="tr_1_tl_22_w2" custom="readingOrder {index:1;}">
                    <Coords points="195,803 195,863 256,863 256,803 195,803 195,803 195,803"/>
                    <TextEquiv>
                        <Unicode>ons</Unicode>
                    </TextEquiv>
                </Word>
                <Word id="tr_1_tl_22_w3" custom="readingOrder {index:2;}">
                    <Coords points="272,803 272,863 299,863 299,803 272,803 272,803 272,803"/>
                    <TextEquiv>
                        <Unicode>in</Unicode>
                    </TextEquiv>
                </Word>
                <Word id="tr_1_tl_22_w4" custom="readingOrder {index:3;}">
                    <Coords points="338,805 338,865 448,865 448,805 338,805 338,805 338,805"/>
                    <TextEquiv>
                        <Unicode>huw.</Unicode>
                    </TextEquiv>
                </Word>
                <Word id="tr_1_tl_22_w5" custom="readingOrder {index:4;}">
                    <Coords points="469,805 469,865 493,865 493,805 469,805 469,805 469,805"/>
                    <TextEquiv>
                        <Unicode>ee</Unicode>
                    </TextEquiv>
                </Word>
                <Word id="tr_1_tl_22_w6" custom="readingOrder {index:5;}">
                    <Coords points="520,805 520,865 607,865 607,805 520,805 520,805 520,805"/>
                    <TextEquiv>
                        <Unicode>hielis,</Unicode>
                    </TextEquiv>
                </Word>
                <Word id="tr_1_tl_22_w7" custom="readingOrder {index:6;}">
                    <Coords points="620,803 620,863 646,863 646,803 620,803 620,803 620,803"/>
                    <TextEquiv>
                        <Unicode>de</Unicode>
                    </TextEquiv>
                </Word>
                <Word id="tr_1_tl_22_w8" custom="readingOrder {index:7;}">
                    <Coords points="667,803 667,863 732,863 732,803 667,803 667,803 667,803"/>
                    <TextEquiv>
                        <Unicode>meer</Unicode>
                    </TextEquiv>
                </Word>
                <TextEquiv>
                    <Unicode>bij ons in huis. Erg zielig, ze moes-</Unicode>
                </TextEquiv>
            </TextLine>
            <TextLine id="tr_1_tl_23" custom="readingOrder {index:7;} place {offset:17; length:7;}">
                <Coords points="148,901 245,880 320,907 367,882 747,890 747,858 720,848 209,844 180,866 148,847"/>
                <Baseline points="153,879 182,877 212,877 242,877 272,877 302,877 331,877 361,879 391,879 421,879 451,879 480,879 510,879 540,879 570,879 600,877 629,877 659,877 689,877 719,877 749,881"/>
                <Word id="tr_1_tl_23_w1" custom="readingOrder {index:0;}">
                    <Coords points="143,837 143,897 249,897 249,837 143,837 143,837 143,837"/>
                    <TextEquiv>
                        <Unicode>entoeh</Unicode>
                    </TextEquiv>
                </Word>
                <Word id="tr_1_tl_23_w2" custom="readingOrder {index:1;}">
                    <Coords points="268,837 268,897 315,897 315,837 268,837 268,837 268,837"/>
                    <TextEquiv>
                        <Unicode>wes</Unicode>
                    </TextEquiv>
                </Word>
                <Word id="tr_1_tl_23_w3" custom="readingOrder {index:2;}">
                    <Coords points="336,839 336,899 395,899 395,839 336,839 336,839 336,839"/>
                    <TextEquiv>
                        <Unicode>uit</Unicode>
                    </TextEquiv>
                </Word>
                <Word id="tr_1_tl_23_w4" custom="readingOrder {index:3;}">
                    <Coords points="420,839 420,899 550,899 550,839 420,839 420,839 420,839"/>
                    <TextEquiv>
                        <Unicode>Haarlem,</Unicode>
                    </TextEquiv>
                </Word>
                <Word id="tr_1_tl_23_w5" custom="readingOrder {index:4;}">
                    <Coords points="568,837 568,897 631,897 631,837 568,837 568,837 568,837"/>
                    <TextEquiv>
                        <Unicode>alle</Unicode>
                    </TextEquiv>
                </Word>
                <Word id="tr_1_tl_23_w6" custom="readingOrder {index:5;}">
                    <Coords points="657,837 657,897 743,897 743,837 657,837 657,837 657,837"/>
                    <TextEquiv>
                        <Unicode>dinte</Unicode>
                    </TextEquiv>
                </Word>
                <TextEquiv>
                    <Unicode>ten toch weg uit Haarlem, alle Duitse</Unicode>
                </TextEquiv>
            </TextLine>
            <TextLine id="tr_1_tl_24" custom="readingOrder {index:8;}">
                <Coords points="140,940 159,946 180,925 208,930 218,922 256,938 295,938 338,918 405,929 406,891 363,902 344,889 321,907 299,890 216,881 140,908"/>
                <Baseline points="145,919 171,917 197,917 223,915 249,914 276,913 302,913 328,913 354,913 380,913 407,915"/>
                <Word id="tr_1_tl_24_w1" custom="readingOrder {index:0;}">
                    <Coords points="143,877 143,937 215,937 215,877 143,877 143,877 143,877"/>
                    <TextEquiv>
                        <Unicode>pden</Unicode>
                    </TextEquiv>
                </Word>
                <Word id="tr_1_tl_24_w2" custom="readingOrder {index:1;}">
                    <Coords points="241,873 241,933 385,933 385,873 241,873 241,873 241,873"/>
                    <TextEquiv>
                        <Unicode>houwens</Unicode>
                    </TextEquiv>
                </Word>
                <TextEquiv>
                    <Unicode>Joden trouwens.</Unicode>
                </TextEquiv>
            </TextLine>
            <TextEquiv>
                <Unicode></Unicode>
            </TextEquiv>
        </TextRegion>
        <TextRegion id="r_2710" custom="readingOrder {index:5;} structure {type:page-number;}">
            <Coords points="376,927 456,927 456,962 376,962"/>
            <TextLine id="l" custom="readingOrder {index:0;}">
                <Coords points="393,954 437,954 437,931 393,931"/>
                <Baseline points="393,954 437,954"/>
                <TextEquiv>
                    <Unicode>22</Unicode>
                </TextEquiv>
            </TextLine>
            <TextEquiv>
                <Unicode></Unicode>
            </TextEquiv>
        </TextRegion>
        <TextRegion id="r_2754" custom="readingOrder {index:6;} structure {type:paragraph;}">
            <Coords points="865,81 865,255 1478,255 1478,81"/>
            <TextLine id="tr_2_tl_1" custom="readingOrder {index:0;} person {offset:11; length:14;}">
                <Coords points="866,114 1438,111 1427,60 1189,59 1155,82 1114,52 958,72 866,45"/>
                <Baseline points="871,103 899,103 927,103 956,103 984,103 1013,103 1041,103 1070,104 1098,104 1127,102 1155,101 1183,102 1212,102 1240,101 1269,101 1297,101 1326,101 1354,103 1383,103 1411,103 1440,105"/>
                <Word id="tr_2_tl_1_w1" custom="readingOrder {index:0;}">
                    <Coords points="861,63 861,123 900,123 900,63 861,63 861,63"/>
                    <TextEquiv>
                        <Unicode>sh</Unicode>
                    </TextEquiv>
                </Word>
                <Word id="tr_2_tl_1_w2" custom="readingOrder {index:1;}">
                    <Coords points="934,63 934,123 982,123 982,63 934,63 934,63"/>
                    <TextEquiv>
                        <Unicode>heb</Unicode>
                    </TextEquiv>
                </Word>
                <Word id="tr_2_tl_1_w3" custom="readingOrder {index:2;}">
                    <Coords points="1007,63 1007,123 1064,123 1064,63 1007,63 1007,63"/>
                    <TextEquiv>
                        <Unicode>van</Unicode>
                    </TextEquiv>
                </Word>
                <Word id="tr_2_tl_1_w4" custom="readingOrder {index:3;}">
                    <Coords points="1098,61 1098,121 1219,121 1219,61 1098,61 1098,61"/>
                    <TextEquiv>
                        <Unicode>Oonbij</Unicode>
                    </TextEquiv>
                </Word>
                <Word id="tr_2_tl_1_w5" custom="readingOrder {index:4;}">
                    <Coords points="1230,61 1230,121 1258,121 1258,61 1230,61 1230,61"/>
                    <TextEquiv>
                        <Unicode>de</Unicode>
                    </TextEquiv>
                </Word>
                <Word id="tr_2_tl_1_w6" custom="readingOrder {index:5;}">
                    <Coords points="1272,61 1272,121 1374,121 1374,61 1272,61 1272,61"/>
                    <TextEquiv>
                        <Unicode>keern</Unicode>
                    </TextEquiv>
                </Word>
                <Word id="tr_2_tl_1_w7" custom="readingOrder {index:6;}">
                    <Coords points="1405,63 1405,123 1438,123 1438,63 1405,63 1405,63"/>
                    <TextEquiv>
                        <Unicode>een</Unicode>
                    </TextEquiv>
                </Word>
                <TextEquiv>
                    <Unicode>Ik heb van Louky de Leeuw een</Unicode>
                </TextEquiv>
            </TextLine>
            <TextLine id="tr_2_tl_2" custom="readingOrder {index:1;}">
                <Coords points="872,145 1020,146 1036,162 1065,144 1454,146 1454,92 1421,114 1318,122 872,116"/>
                <Baseline points="877,141 907,141 937,141 968,141 998,140 1029,139 1059,141 1090,141 1120,139 1151,139 1181,139 1212,139 1242,139 1273,139 1303,139 1334,139 1364,139 1395,137 1425,137 1456,139"/>
                <Word id="tr_2_tl_2_w1" custom="readingOrder {index:0;}">
                    <Coords points="871,100 871,160 1093,160 1093,100 871,100 871,100"/>
                    <TextEquiv>
                        <Unicode>assoon</Unicode>
                    </TextEquiv>
                </Word>
                <Word id="tr_2_tl_2_w2" custom="readingOrder {index:1;}">
                    <Coords points="1128,99 1128,159 1341,159 1341,99 1128,99 1128,99"/>
                    <TextEquiv>
                        <Unicode>oversenmen</Unicode>
                    </TextEquiv>
                </Word>
                <Word id="tr_2_tl_2_w3" custom="readingOrder {index:2;}">
                    <Coords points="1369,97 1369,157 1447,157 1447,97 1369,97 1369,97"/>
                    <TextEquiv>
                        <Unicode>voorst</Unicode>
                    </TextEquiv>
                </Word>
                <TextEquiv>
                    <Unicode>grammofoon overgenomen voor f5-</Unicode>
                </TextEquiv>
            </TextLine>
            <TextLine id="tr_2_tl_3" custom="readingOrder {index:2;} person {offset:4; length:4;}">
                <Coords points="872,186 1108,178 1153,206 1209,178 1332,194 1466,178 1466,146 1424,139 1087,144 1036,163 1010,145 872,145"/>
                <Baseline points="877,175 906,173 936,173 965,173 995,173 1024,173 1054,175 1083,175 1113,175 1142,175 1172,175 1202,175 1231,175 1261,175 1290,175 1320,173 1349,175 1379,173 1408,173 1438,174 1468,179"/>
                <Word id="tr_2_tl_3_w1" custom="readingOrder {index:0;}">
                    <Coords points="870,133 870,193 927,193 927,133 870,133 870,133"/>
                    <TextEquiv>
                        <Unicode>van</Unicode>
                    </TextEquiv>
                </Word>
                <Word id="tr_2_tl_3_w2" custom="readingOrder {index:1;}">
                    <Coords points="960,133 960,193 1047,193 1047,133 960,133 960,133"/>
                    <TextEquiv>
                        <Unicode>Ana</Unicode>
                    </TextEquiv>
                </Word>
                <Word id="tr_2_tl_3_w3" custom="readingOrder {index:2;}">
                    <Coords points="1086,135 1086,195 1194,195 1194,135 1086,135 1086,135"/>
                    <TextEquiv>
                        <Unicode>krijsien</Unicode>
                    </TextEquiv>
                </Word>
                <Word id="tr_2_tl_3_w4" custom="readingOrder {index:3;}">
                    <Coords points="1218,135 1218,195 1247,195 1247,135 1218,135 1218,135"/>
                    <TextEquiv>
                        <Unicode>de</Unicode>
                    </TextEquiv>
                </Word>
                <Word id="tr_2_tl_3_w5" custom="readingOrder {index:4;}">
                    <Coords points="1263,134 1263,194 1340,194 1340,134 1263,134 1263,134"/>
                    <TextEquiv>
                        <Unicode>platen</Unicode>
                    </TextEquiv>
                </Word>
                <Word id="tr_2_tl_3_w6" custom="readingOrder {index:5;}">
                    <Coords points="1365,133 1365,193 1379,193 1379,133 1365,133 1365,133"/>
                    <TextEquiv>
                        <Unicode>te</Unicode>
                    </TextEquiv>
                </Word>
                <Word id="tr_2_tl_3_w7" custom="readingOrder {index:6;}">
                    <Coords points="1389,133 1389,193 1436,193 1436,133 1389,133 1389,133"/>
                    <TextEquiv>
                        <Unicode>leen</Unicode>
                    </TextEquiv>
                </Word>
                <Word id="tr_2_tl_3_w8" custom="readingOrder {index:7;}">
                    <Coords points="1455,137 1455,197 1466,197 1466,137 1455,137 1455,137"/>
                    <TextEquiv>
                        <Unicode>en</Unicode>
                    </TextEquiv>
                </Word>
                <TextEquiv>
                    <Unicode>Van Erna krijg ik de platen te leen en</Unicode>
                </TextEquiv>
            </TextLine>
            <TextLine id="tr_2_tl_4" custom="readingOrder {index:3;} person {offset:8; length:3;}">
                <Coords points="866,213 964,235 1119,213 1197,238 1297,212 1448,230 1448,188 1413,178 1344,199 1304,178 1202,181 1138,203 1109,178 866,185"/>
                <Baseline points="871,207 901,209 931,209 962,209 992,209 1023,209 1053,209 1084,211 1114,211 1145,209 1175,209 1206,209 1236,209 1267,209 1297,211 1328,209 1358,209 1389,209 1419,209 1450,209"/>
                <Word id="tr_2_tl_4_w1" custom="readingOrder {index:0;}">
                    <Coords points="862,168 862,228 910,228 910,168 862,168 862,168"/>
                    <TextEquiv>
                        <Unicode>ock</Unicode>
                    </TextEquiv>
                </Word>
                <Word id="tr_2_tl_4_w2" custom="readingOrder {index:1;}">
                    <Coords points="936,169 936,229 984,229 984,169 936,169 936,169"/>
                    <TextEquiv>
                        <Unicode>van</Unicode>
                    </TextEquiv>
                </Word>
                <Word id="tr_2_tl_4_w3" custom="readingOrder {index:2;}">
                    <Coords points="1019,170 1019,230 1127,230 1127,170 1019,170 1019,170"/>
                    <TextEquiv>
                        <Unicode>hrin.</Unicode>
                    </TextEquiv>
                </Word>
                <Word id="tr_2_tl_4_w4" custom="readingOrder {index:3;}">
                    <Coords points="1144,169 1144,229 1178,229 1178,169 1144,169 1144,169"/>
                    <TextEquiv>
                        <Unicode>ok</Unicode>
                    </TextEquiv>
                </Word>
                <Word id="tr_2_tl_4_w5" custom="readingOrder {index:4;}">
                    <Coords points="1197,169 1197,229 1217,229 1217,169 1197,169 1197,169"/>
                    <TextEquiv>
                        <Unicode>ja</Unicode>
                    </TextEquiv>
                </Word>
                <Word id="tr_2_tl_4_w6" custom="readingOrder {index:5;}">
                    <Coords points="1248,169 1248,229 1286,229 1286,169 1248,169 1248,169"/>
                    <TextEquiv>
                        <Unicode>een</Unicode>
                    </TextEquiv>
                </Word>
                <Word id="tr_2_tl_4_w7" custom="readingOrder {index:6;}">
                    <Coords points="1303,169 1303,229 1358,229 1358,169 1303,169 1303,169"/>
                    <TextEquiv>
                        <Unicode>huu</Unicode>
                    </TextEquiv>
                </Word>
                <Word id="tr_2_tl_4_w8" custom="readingOrder {index:7;}">
                    <Coords points="1384,169 1384,229 1443,229 1443,169 1384,169 1384,169"/>
                    <TextEquiv>
                        <Unicode>voor</Unicode>
                    </TextEquiv>
                </Word>
                <TextEquiv>
                    <Unicode>ook van Wim. Ik ga een trui voor</Unicode>
                </TextEquiv>
            </TextLine>
            <TextLine id="tr_2_tl_5" custom="readingOrder {index:4;}">
                <Coords points="864,249 949,248 987,261 1000,254 1027,267 1042,253 1078,254 1078,222 1027,218 965,235 952,223 915,225 891,213 864,214"/>
                <Baseline points="869,245 895,245 921,246 948,246 974,246 1000,246 1027,245 1053,245 1080,245"/>
                <Word id="tr_2_tl_5_w1" custom="readingOrder {index:0;}">
                    <Coords points="861,205 861,265 906,265 906,205 861,205 861,205"/>
                    <TextEquiv>
                        <Unicode>hem</Unicode>
                    </TextEquiv>
                </Word>
                <Word id="tr_2_tl_5_w2" custom="readingOrder {index:1;}">
                    <Coords points="960,205 960,265 1082,265 1082,205 960,205 960,205"/>
                    <TextEquiv>
                        <Unicode>geien.</Unicode>
                    </TextEquiv>
                </Word>
                <TextEquiv>
                    <Unicode>hem breien.</Unicode>
                </TextEquiv>
            </TextLine>
            <TextEquiv>
                <Unicode></Unicode>
            </TextEquiv>
        </TextRegion>
        <TextRegion id="r_3486" custom="readingOrder {index:7;} structure {type:paragraph;}">
            <Coords points="865,255 865,504 1478,504 1478,255"/>
            <TextLine id="tr_2_tl_6" custom="readingOrder {index:0;} person {offset:3; length:3;}">
                <Coords points="868,300 1470,289 1470,250 1414,258 1352,221 1274,226 1245,252 1056,251 994,271 950,249 868,255"/>
                <Baseline points="873,283 904,281 936,281 967,281 999,281 1030,281 1062,281 1093,280 1125,278 1156,277 1188,278 1219,279 1251,280 1282,280 1314,279 1345,277 1377,279 1408,279 1440,277 1472,281"/>
                <Word id="tr_2_tl_6_w1" custom="readingOrder {index:0;}">
                    <Coords points="868,242 868,302 895,302 895,242 868,242 868,242 868,242"/>
                    <TextEquiv>
                        <Unicode>op</Unicode>
                    </TextEquiv>
                </Word>
                <Word id="tr_2_tl_6_w2" custom="readingOrder {index:1;}">
                    <Coords points="912,241 912,301 955,301 955,241 912,241 912,241 912,241"/>
                    <TextEquiv>
                        <Unicode>her</Unicode>
                    </TextEquiv>
                </Word>
                <Word id="tr_2_tl_6_w3" custom="readingOrder {index:2;}">
                    <Coords points="980,241 980,301 1023,301 1023,241 980,241 980,241 980,241"/>
                    <TextEquiv>
                        <Unicode>ren</Unicode>
                    </TextEquiv>
                </Word>
                <Word id="tr_2_tl_6_w4" custom="readingOrder {index:3;}">
                    <Coords points="1043,241 1043,301 1070,301 1070,241 1043,241 1043,241 1043,241"/>
                    <TextEquiv>
                        <Unicode>ik</Unicode>
                    </TextEquiv>
                </Word>
                <Word id="tr_2_tl_6_w5" custom="readingOrder {index:4;}">
                    <Coords points="1095,237 1095,297 1258,297 1258,237 1095,237 1095,237 1095,237"/>
                    <TextEquiv>
                        <Unicode>woedend,</Unicode>
                    </TextEquiv>
                </Word>
                <Word id="tr_2_tl_6_w6" custom="readingOrder {index:5;}">
                    <Coords points="1283,239 1283,299 1326,299 1326,239 1283,239 1283,239 1283,239"/>
                    <TextEquiv>
                        <Unicode>tij</Unicode>
                    </TextEquiv>
                </Word>
                <Word id="tr_2_tl_6_w7" custom="readingOrder {index:6;}">
                    <Coords points="1348,239 1348,299 1408,299 1408,239 1348,239 1348,239 1348,239"/>
                    <TextEquiv>
                        <Unicode>had</Unicode>
                    </TextEquiv>
                </Word>
                <Word id="tr_2_tl_6_w8" custom="readingOrder {index:7;}">
                    <Coords points="1422,237 1422,297 1463,297 1463,237 1422,237 1422,237 1422,237"/>
                    <TextEquiv>
                        <Unicode>me</Unicode>
                    </TextEquiv>
                </Word>
                <TextEquiv>
                    <Unicode>Op Lex ben ik woedend. Hij had me</Unicode>
                </TextEquiv>
            </TextLine>
            <TextLine id="tr_2_tl_7" custom="readingOrder {index:1;}">
                <Coords points="862,344 948,321 1476,328 1476,289 1445,285 862,288"/>
                <Baseline points="867,319 897,316 928,316 958,316 989,315 1019,315 1050,315 1080,315 1111,315 1141,315 1172,313 1203,313 1233,313 1264,315 1294,315 1325,315 1355,315 1386,313 1416,315 1447,315 1478,317"/>
                <Word id="tr_2_tl_7_w1" custom="readingOrder {index:0;}">
                    <Coords points="858,276 858,336 954,336 954,276 858,276 858,276 858,276"/>
                    <TextEquiv>
                        <Unicode>beloofd</Unicode>
                    </TextEquiv>
                </Word>
                <Word id="tr_2_tl_7_w2" custom="readingOrder {index:1;}">
                    <Coords points="989,275 989,335 1044,335 1044,275 989,275 989,275 989,275"/>
                    <TextEquiv>
                        <Unicode>dat</Unicode>
                    </TextEquiv>
                </Word>
                <Word id="tr_2_tl_7_w3" custom="readingOrder {index:2;}">
                    <Coords points="1060,275 1060,335 1098,335 1098,275 1060,275 1060,275 1060,275"/>
                    <TextEquiv>
                        <Unicode>we</Unicode>
                    </TextEquiv>
                </Word>
                <Word id="tr_2_tl_7_w4" custom="readingOrder {index:3;}">
                    <Coords points="1121,273 1121,333 1256,333 1256,273 1121,273 1121,273 1121,273"/>
                    <TextEquiv>
                        <Unicode>samens</Unicode>
                    </TextEquiv>
                </Word>
                <Word id="tr_2_tl_7_w5" custom="readingOrder {index:4;}">
                    <Coords points="1269,273 1269,333 1474,333 1474,273 1269,273 1269,273 1269,273"/>
                    <TextEquiv>
                        <Unicode>zoudapaoont</Unicode>
                    </TextEquiv>
                </Word>
                <TextEquiv>
                    <Unicode>beloofd dat we samen 's Zondagsavonds</Unicode>
                </TextEquiv>
            </TextLine>
            <TextLine id="tr_2_tl_8" custom="readingOrder {index:2;} place {offset:23; length:4;}">
                <Coords points="872,380 947,354 1069,356 1110,379 1147,354 1468,355 1437,324 1372,337 1350,317 872,336"/>
                <Baseline points="877,355 906,353 936,353 965,353 995,353 1025,351 1054,351 1084,351 1114,351 1143,351 1173,351 1203,349 1232,349 1262,349 1292,349 1321,349 1351,347 1381,347 1410,347 1440,349 1470,351"/>
                <Word id="tr_2_tl_8_w1" custom="readingOrder {index:0;}">
                    <Coords points="867,314 867,374 907,374 907,314 867,314 867,314 867,314"/>
                    <TextEquiv>
                        <Unicode>en</Unicode>
                    </TextEquiv>
                </Word>
                <Word id="tr_2_tl_8_w2" custom="readingOrder {index:1;}">
                    <Coords points="961,311 961,371 1077,371 1077,311 961,311 961,311 961,311"/>
                    <TextEquiv>
                        <Unicode>konden</Unicode>
                    </TextEquiv>
                </Word>
                <Word id="tr_2_tl_8_w3" custom="readingOrder {index:2;}">
                    <Coords points="1105,311 1105,371 1174,371 1174,311 1105,311 1105,311 1105,311"/>
                    <TextEquiv>
                        <Unicode>haam</Unicode>
                    </TextEquiv>
                </Word>
                <Word id="tr_2_tl_8_w4" custom="readingOrder {index:3;}">
                    <Coords points="1203,309 1203,369 1302,369 1302,309 1203,309 1203,309 1203,309"/>
                    <TextEquiv>
                        <Unicode>naar</Unicode>
                    </TextEquiv>
                </Word>
                <Word id="tr_2_tl_8_w5" custom="readingOrder {index:4;}">
                    <Coords points="1321,307 1321,367 1418,367 1418,307 1321,307 1321,307 1321,307"/>
                    <TextEquiv>
                        <Unicode>Aam,</Unicode>
                    </TextEquiv>
                </Word>
                <Word id="tr_2_tl_8_w6" custom="readingOrder {index:5;}">
                    <Coords points="1429,309 1429,369 1467,369 1467,309 1429,309 1429,309 1429,309"/>
                    <TextEquiv>
                        <Unicode>mi</Unicode>
                    </TextEquiv>
                </Word>
                <TextEquiv>
                    <Unicode>terug zouden gaan naar Adam, nu</Unicode>
                </TextEquiv>
            </TextLine>
            <TextLine id="tr_2_tl_9" custom="readingOrder {index:3;}">
                <Coords points="866,386 943,408 1091,387 1140,414 1193,387 1282,412 1306,390 1468,398 1468,354 1151,355 1112,380 1072,356 866,365"/>
                <Baseline points="871,385 902,385 934,387 965,387 997,387 1028,387 1060,387 1091,386 1123,386 1154,387 1186,386 1217,386 1249,387 1280,387 1312,386 1343,385 1375,385 1406,385 1438,385 1470,385"/>
                <Word id="tr_2_tl_9_w1" custom="readingOrder {index:0;}">
                    <Coords points="868,345 868,405 917,405 917,345 868,345 868,345 868,345"/>
                    <TextEquiv>
                        <Unicode>heb</Unicode>
                    </TextEquiv>
                </Word>
                <Word id="tr_2_tl_9_w2" custom="readingOrder {index:1;}">
                    <Coords points="930,347 930,407 957,407 957,347 930,347 930,347 930,347"/>
                    <TextEquiv>
                        <Unicode>ik</Unicode>
                    </TextEquiv>
                </Word>
                <Word id="tr_2_tl_9_w3" custom="readingOrder {index:2;}">
                    <Coords points="977,347 977,407 1029,407 1029,347 977,347 977,347 977,347"/>
                    <TextEquiv>
                        <Unicode>hem</Unicode>
                    </TextEquiv>
                </Word>
                <Word id="tr_2_tl_9_w4" custom="readingOrder {index:3;}">
                    <Coords points="1062,346 1062,406 1099,406 1099,346 1062,346 1062,346 1062,346"/>
                    <TextEquiv>
                        <Unicode>3r</Unicode>
                    </TextEquiv>
                </Word>
                <Word id="tr_2_tl_9_w5" custom="readingOrder {index:4;}">
                    <Coords points="1121,346 1121,406 1263,406 1263,346 1121,346 1121,346 1121,346"/>
                    <TextEquiv>
                        <Unicode>opsetelt,</Unicode>
                    </TextEquiv>
                </Word>
                <Word id="tr_2_tl_9_w6" custom="readingOrder {index:5;}">
                    <Coords points="1276,345 1276,405 1355,405 1355,345 1276,345 1276,345 1276,345"/>
                    <TextEquiv>
                        <Unicode>maar</Unicode>
                    </TextEquiv>
                </Word>
                <Word id="tr_2_tl_9_w7" custom="readingOrder {index:6;}">
                    <Coords points="1370,345 1370,405 1407,405 1407,345 1370,345 1370,345 1370,345"/>
                    <TextEquiv>
                        <Unicode>hij</Unicode>
                    </TextEquiv>
                </Word>
                <Word id="tr_2_tl_9_w8" custom="readingOrder {index:7;}">
                    <Coords points="1418,345 1418,405 1469,405 1469,345 1418,345 1418,345 1418,345"/>
                    <TextEquiv>
                        <Unicode>verti</Unicode>
                    </TextEquiv>
                </Word>
                <TextEquiv>
                    <Unicode>heb ik hem 3x opgebeld, maar hij vertikt</Unicode>
                </TextEquiv>
            </TextLine>
            <TextLine id="tr_2_tl_10" custom="readingOrder {index:4;}">
                <Coords points="862,423 1064,442 1225,426 1284,448 1324,424 1466,425 1467,398 1307,390 1282,411 1194,387 1140,414 1092,388 942,406 863,390"/>
                <Baseline points="867,419 897,419 927,421 957,421 987,423 1017,423 1047,423 1077,421 1107,423 1137,425 1167,421 1197,421 1227,421 1257,421 1287,421 1317,419 1347,419 1377,419 1407,419 1437,419 1468,421"/>
                <Word id="tr_2_tl_10_w1" custom="readingOrder {index:0;}">
                    <Coords points="859,379 859,439 911,439 911,379 859,379 859,379 859,379"/>
                    <TextEquiv>
                        <Unicode>het</Unicode>
                    </TextEquiv>
                </Word>
                <Word id="tr_2_tl_10_w2" custom="readingOrder {index:1;}">
                    <Coords points="938,382 938,442 1009,442 1009,382 938,382 938,382 938,382"/>
                    <TextEquiv>
                        <Unicode>teenig</Unicode>
                    </TextEquiv>
                </Word>
                <Word id="tr_2_tl_10_w3" custom="readingOrder {index:2;}">
                    <Coords points="1030,383 1030,443 1045,443 1045,383 1030,383 1030,383 1030,383"/>
                    <TextEquiv>
                        <Unicode>te</Unicode>
                    </TextEquiv>
                </Word>
                <Word id="tr_2_tl_10_w4" custom="readingOrder {index:3;}">
                    <Coords points="1059,382 1059,442 1148,442 1148,382 1059,382 1059,382 1059,382"/>
                    <TextEquiv>
                        <Unicode>sellen.</Unicode>
                    </TextEquiv>
                </Word>
                <Word id="tr_2_tl_10_w5" custom="readingOrder {index:4;}">
                    <Coords points="1164,381 1164,441 1256,441 1256,381 1164,381 1164,381 1164,381"/>
                    <TextEquiv>
                        <Unicode>stals</Unicode>
                    </TextEquiv>
                </Word>
                <Word id="tr_2_tl_10_w6" custom="readingOrder {index:5;}">
                    <Coords points="1279,380 1279,440 1313,440 1313,380 1279,380 1279,380 1279,380"/>
                    <TextEquiv>
                        <Unicode>reb</Unicode>
                    </TextEquiv>
                </Word>
                <Word id="tr_2_tl_10_w7" custom="readingOrder {index:6;}">
                    <Coords points="1332,379 1332,439 1353,439 1353,379 1332,379 1332,379 1332,379"/>
                    <TextEquiv>
                        <Unicode>en</Unicode>
                    </TextEquiv>
                </Word>
                <Word id="tr_2_tl_10_w8" custom="readingOrder {index:7;}">
                    <Coords points="1369,379 1369,439 1468,439 1468,379 1369,379 1369,379 1369,379"/>
                    <TextEquiv>
                        <Unicode>waeen</Unicode>
                    </TextEquiv>
                </Word>
                <TextEquiv>
                    <Unicode>het terug te bellen. Straks heb ik naailes</Unicode>
                </TextEquiv>
            </TextLine>
            <TextLine id="tr_2_tl_11" custom="readingOrder {index:5;} place {offset:3; length:5;} person {offset:13; length:3;}">
                <Coords points="866,468 1009,460 1038,484 1082,458 1182,479 1246,459 1325,477 1468,466 1468,426 1399,421 1266,450 1219,426 1066,442 866,426"/>
                <Baseline points="871,455 902,457 934,459 965,455 997,457 1028,458 1060,458 1091,457 1123,457 1154,457 1186,457 1217,457 1249,457 1280,456 1312,455 1343,455 1375,455 1406,455 1438,455 1470,459"/>
                <Word id="tr_2_tl_11_w1" custom="readingOrder {index:0;}">
                    <Coords points="863,415 863,475 892,475 892,415 863,415 863,415 863,415"/>
                    <TextEquiv>
                        <Unicode>in</Unicode>
                    </TextEquiv>
                </Word>
                <Word id="tr_2_tl_11_w2" custom="readingOrder {index:1;}">
                    <Coords points="926,415 926,475 1012,475 1012,415 926,415 926,415 926,415"/>
                    <TextEquiv>
                        <Unicode>Hant</Unicode>
                    </TextEquiv>
                </Word>
                <Word id="tr_2_tl_11_w3" custom="readingOrder {index:2;}">
                    <Coords points="1037,418 1037,478 1083,478 1083,418 1037,418 1037,418 1037,418"/>
                    <TextEquiv>
                        <Unicode>sij</Unicode>
                    </TextEquiv>
                </Word>
                <Word id="tr_2_tl_11_w4" custom="readingOrder {index:3;}">
                    <Coords points="1107,417 1107,477 1167,477 1167,417 1107,417 1107,417 1107,417"/>
                    <TextEquiv>
                        <Unicode>Uli</Unicode>
                    </TextEquiv>
                </Word>
                <Word id="tr_2_tl_11_w5" custom="readingOrder {index:4;}">
                    <Coords points="1196,417 1196,477 1251,477 1251,417 1196,417 1196,417 1196,417"/>
                    <TextEquiv>
                        <Unicode>een</Unicode>
                    </TextEquiv>
                </Word>
                <Word id="tr_2_tl_11_w6" custom="readingOrder {index:5;}">
                    <Coords points="1275,415 1275,475 1369,475 1369,415 1275,415 1275,415 1275,415"/>
                    <TextEquiv>
                        <Unicode>roopik</Unicode>
                    </TextEquiv>
                </Word>
                <Word id="tr_2_tl_11_w7" custom="readingOrder {index:6;}">
                    <Coords points="1393,415 1393,475 1435,475 1435,415 1393,415 1393,415 1393,415"/>
                    <TextEquiv>
                        <Unicode>hem</Unicode>
                    </TextEquiv>
                </Word>
                <Word id="tr_2_tl_11_w8" custom="readingOrder {index:7;}">
                    <Coords points="1459,417 1459,477 1464,477 1464,417 1459,417 1459,417 1459,417"/>
                    <TextEquiv>
                        <Unicode>t</Unicode>
                    </TextEquiv>
                </Word>
                <TextEquiv>
                    <Unicode>in H'sum bij Uli, dan hoop ik hem te</Unicode>
                </TextEquiv>
            </TextLine>
            <TextLine id="tr_2_tl_12" custom="readingOrder {index:6;}">
                <Coords points="870,498 889,510 925,493 1009,497 1032,520 1069,495 1198,497 1226,520 1266,498 1266,466 1240,460 1183,479 1132,460 1074,461 1037,484 1007,459 978,472 870,465"/>
                <Baseline points="875,491 901,491 927,492 953,493 979,493 1006,493 1032,492 1058,491 1084,491 1110,493 1137,493 1163,493 1189,492 1215,492 1241,493 1268,493"/>
                <Word id="tr_2_tl_12_w1" custom="readingOrder {index:0;}">
                    <Coords points="865,451 865,511 972,511 972,451 865,451 865,451 865,451"/>
                    <TextEquiv>
                        <Unicode>pakken</Unicode>
                    </TextEquiv>
                </Word>
                <Word id="tr_2_tl_12_w2" custom="readingOrder {index:1;}">
                    <Coords points="993,453 993,513 1010,513 1010,453 993,453 993,453 993,453"/>
                    <TextEquiv>
                        <Unicode>te</Unicode>
                    </TextEquiv>
                </Word>
                <Word id="tr_2_tl_12_w3" custom="readingOrder {index:2;}">
                    <Coords points="1028,451 1028,511 1164,511 1164,451 1028,451 1028,451 1028,451"/>
                    <TextEquiv>
                        <Unicode>gunen</Unicode>
                    </TextEquiv>
                </Word>
                <Word id="tr_2_tl_12_w4" custom="readingOrder {index:3;}">
                    <Coords points="1182,452 1182,512 1260,512 1260,452 1182,452 1182,452 1182,452"/>
                    <TextEquiv>
                        <Unicode>vrijsen</Unicode>
                    </TextEquiv>
                </Word>
                <TextEquiv>
                    <Unicode>pakken te kunnen krijgen.</Unicode>
                </TextEquiv>
            </TextLine>
            <TextEquiv>
                <Unicode></Unicode>
            </TextEquiv>
        </TextRegion>
        <TextRegion id="r_4072" custom="readingOrder {index:8;} structure {type:paragraph;}">
            <Coords points="865,504 865,716 1478,716 1478,504"/>
            <TextLine id="tr_2_tl_13" custom="readingOrder {index:0;}">
                <Coords points="862,533 1461,538 1461,500 1395,502 1357,479 1226,519 1204,501 1069,496 1028,521 970,497 862,500"/>
                <Baseline points="867,525 896,525 926,527 956,527 986,529 1015,529 1045,525 1075,525 1105,527 1134,527 1164,527 1194,527 1224,525 1253,525 1283,527 1313,527 1343,525 1372,525 1402,523 1432,525 1462,525"/>
                <Word id="tr_2_tl_13_w1" custom="readingOrder {index:0;}">
                    <Coords points="864,487 864,547 1009,547 1009,487 864,487 864,487 864,487 864,487"/>
                    <TextEquiv>
                        <Unicode>ontussen</Unicode>
                    </TextEquiv>
                </Word>
                <Word id="tr_2_tl_13_w2" custom="readingOrder {index:1;}">
                    <Coords points="1031,485 1031,545 1070,545 1070,485 1031,485 1031,485 1031,485 1031,485"/>
                    <TextEquiv>
                        <Unicode>als</Unicode>
                    </TextEquiv>
                </Word>
                <Word id="tr_2_tl_13_w3" custom="readingOrder {index:2;}">
                    <Coords points="1089,486 1089,546 1116,546 1116,486 1089,486 1089,486 1089,486 1089,486"/>
                    <TextEquiv>
                        <Unicode>ik</Unicode>
                    </TextEquiv>
                </Word>
                <Word id="tr_2_tl_13_w4" custom="readingOrder {index:3;}">
                    <Coords points="1135,487 1135,547 1169,547 1169,487 1135,487 1135,487 1135,487 1135,487"/>
                    <TextEquiv>
                        <Unicode>ten</Unicode>
                    </TextEquiv>
                </Word>
                <Word id="tr_2_tl_13_w5" custom="readingOrder {index:4;}">
                    <Coords points="1189,485 1189,545 1312,545 1312,485 1189,485 1189,485 1189,485 1189,485"/>
                    <TextEquiv>
                        <Unicode>nieude</Unicode>
                    </TextEquiv>
                </Word>
                <Word id="tr_2_tl_13_w6" custom="readingOrder {index:5;}">
                    <Coords points="1330,485 1330,545 1380,545 1380,485 1330,485 1330,485 1330,485 1330,485"/>
                    <TextEquiv>
                        <Unicode>sicto</Unicode>
                    </TextEquiv>
                </Word>
                <Word id="tr_2_tl_13_w7" custom="readingOrder {index:6;}">
                    <Coords points="1400,483 1400,543 1421,543 1421,483 1400,483 1400,483 1400,483 1400,483"/>
                    <TextEquiv>
                        <Unicode>op</Unicode>
                    </TextEquiv>
                </Word>
                <Word id="tr_2_tl_13_w8" custom="readingOrder {index:7;}">
                    <Coords points="1441,485 1441,545 1463,545 1463,485 1441,485 1441,485 1441,485 1441,485"/>
                    <TextEquiv>
                        <Unicode>de</Unicode>
                    </TextEquiv>
                </Word>
                <TextEquiv>
                    <Unicode>Intussen heb ik een nieuwe fiets op de</Unicode>
                </TextEquiv>
            </TextLine>
            <TextLine id="tr_2_tl_14" custom="readingOrder {index:1;}">
                <Coords points="864,565 908,585 930,564 1129,566 1167,587 1192,565 1404,566 1404,549 1355,528 864,535"/>
                <Baseline points="869,563 895,561 922,563 949,563 976,563 1003,562 1030,561 1056,560 1083,559 1110,561 1137,561 1164,563 1191,561 1218,561 1244,561 1271,561 1298,561 1325,561 1352,561 1379,559 1406,561"/>
                <Word id="tr_2_tl_14_w1" custom="readingOrder {index:0;}">
                    <Coords points="866,521 866,581 907,581 907,521 866,521 866,521 866,521 866,521"/>
                    <TextEquiv>
                        <Unicode>kop</Unicode>
                    </TextEquiv>
                </Word>
                <Word id="tr_2_tl_14_w2" custom="readingOrder {index:1;}">
                    <Coords points="927,522 927,582 1032,582 1032,522 927,522 927,522 927,522 927,522"/>
                    <TextEquiv>
                        <Unicode>eeteht,</Unicode>
                    </TextEquiv>
                </Word>
                <Word id="tr_2_tl_14_w3" custom="readingOrder {index:2;}">
                    <Coords points="1048,520 1048,580 1160,580 1160,520 1048,520 1048,520 1048,520 1048,520"/>
                    <TextEquiv>
                        <Unicode>tweede</Unicode>
                    </TextEquiv>
                </Word>
                <Word id="tr_2_tl_14_w4" custom="readingOrder {index:3;}">
                    <Coords points="1191,521 1191,581 1262,581 1262,521 1191,521 1191,521 1191,521 1191,521"/>
                    <TextEquiv>
                        <Unicode>hand</Unicode>
                    </TextEquiv>
                </Word>
                <Word id="tr_2_tl_14_w5" custom="readingOrder {index:4;}">
                    <Coords points="1283,521 1283,581 1405,581 1405,521 1283,521 1283,521 1283,521 1283,521"/>
                    <TextEquiv>
                        <Unicode>voonf4-.</Unicode>
                    </TextEquiv>
                </Word>
                <TextEquiv>
                    <Unicode>kop getikt. Tweede hand voor f31-.</Unicode>
                </TextEquiv>
            </TextLine>
            <TextLine id="tr_2_tl_15" custom="readingOrder {index:2;}">
                <Coords points="862,619 936,601 1461,600 1462,540 1373,573 1193,565 1169,586 1108,565 931,564 910,585 863,566"/>
                <Baseline points="867,597 896,597 926,597 956,597 986,597 1016,597 1046,597 1075,597 1105,597 1135,597 1165,599 1195,597 1225,597 1255,597 1284,595 1314,597 1344,595 1374,595 1404,595 1434,595 1464,595"/>
                <Word id="tr_2_tl_15_w1" custom="readingOrder {index:0;}">
                    <Coords points="862,557 862,617 895,617 895,557 862,557 862,557 862,557 862,557"/>
                    <TextEquiv>
                        <Unicode>Op</Unicode>
                    </TextEquiv>
                </Word>
                <Word id="tr_2_tl_15_w2" custom="readingOrder {index:1;}">
                    <Coords points="914,557 914,617 945,617 945,557 914,557 914,557 914,557 914,557"/>
                    <TextEquiv>
                        <Unicode>de</Unicode>
                    </TextEquiv>
                </Word>
                <Word id="tr_2_tl_15_w3" custom="readingOrder {index:2;}">
                    <Coords points="958,557 958,617 1087,617 1087,557 958,557 958,557 958,557 958,557"/>
                    <TextEquiv>
                        <Unicode>curnus</Unicode>
                    </TextEquiv>
                </Word>
                <Word id="tr_2_tl_15_w4" custom="readingOrder {index:3;}">
                    <Coords points="1111,557 1111,617 1134,617 1134,557 1111,557 1111,557 1111,557 1111,557"/>
                    <TextEquiv>
                        <Unicode>is</Unicode>
                    </TextEquiv>
                </Word>
                <Word id="tr_2_tl_15_w5" custom="readingOrder {index:4;}">
                    <Coords points="1155,558 1155,618 1196,618 1196,558 1155,558 1155,558 1155,558 1155,558"/>
                    <TextEquiv>
                        <Unicode>het</Unicode>
                    </TextEquiv>
                </Word>
                <Word id="tr_2_tl_15_w6" custom="readingOrder {index:5;}">
                    <Coords points="1212,557 1212,617 1295,617 1295,557 1212,557 1212,557 1212,557 1212,557"/>
                    <TextEquiv>
                        <Unicode>reuse</Unicode>
                    </TextEquiv>
                </Word>
                <Word id="tr_2_tl_15_w7" custom="readingOrder {index:6;}">
                    <Coords points="1318,555 1318,615 1412,615 1412,555 1318,555 1318,555 1318,555 1318,555"/>
                    <TextEquiv>
                        <Unicode>lent.</Unicode>
                    </TextEquiv>
                </Word>
                <Word id="tr_2_tl_15_w8" custom="readingOrder {index:7;}">
                    <Coords points="1422,555 1422,615 1453,615 1453,555 1422,555 1422,555 1422,555 1422,555"/>
                    <TextEquiv>
                        <Unicode>de</Unicode>
                    </TextEquiv>
                </Word>
                <TextEquiv>
                    <Unicode>Op de cursus is het reuze leuk. We</Unicode>
                </TextEquiv>
            </TextLine>
            <TextLine id="tr_2_tl_16" custom="readingOrder {index:3;}">
                <Coords points="868,642 1442,648 1442,602 1423,600 1404,617 917,602 868,621"/>
                <Baseline points="873,631 901,633 930,633 958,631 987,633 1015,632 1044,631 1072,632 1101,632 1129,631 1158,632 1187,632 1215,631 1244,631 1272,631 1301,631 1329,631 1358,631 1386,629 1415,627 1444,627"/>
                <Word id="tr_2_tl_16_w1" custom="readingOrder {index:0;}">
                    <Coords points="864,593 864,653 966,653 966,593 864,593 864,593 864,593 864,593"/>
                    <TextEquiv>
                        <Unicode>hebben</Unicode>
                    </TextEquiv>
                </Word>
                <Word id="tr_2_tl_16_w2" custom="readingOrder {index:1;}">
                    <Coords points="984,591 984,651 1062,651 1062,591 984,591 984,591 984,591 984,591"/>
                    <TextEquiv>
                        <Unicode>lenh</Unicode>
                    </TextEquiv>
                </Word>
                <Word id="tr_2_tl_16_w3" custom="readingOrder {index:2;}">
                    <Coords points="1085,591 1085,651 1152,651 1152,591 1085,591 1085,591 1085,591 1085,591"/>
                    <TextEquiv>
                        <Unicode>werk</Unicode>
                    </TextEquiv>
                </Word>
                <Word id="tr_2_tl_16_w4" custom="readingOrder {index:3;}">
                    <Coords points="1169,592 1169,652 1185,652 1185,592 1169,592 1169,592 1169,592 1169,592"/>
                    <TextEquiv>
                        <Unicode>te</Unicode>
                    </TextEquiv>
                </Word>
                <Word id="tr_2_tl_16_w5" custom="readingOrder {index:4;}">
                    <Coords points="1202,591 1202,651 1273,651 1273,591 1202,591 1202,591 1202,591 1202,591"/>
                    <TextEquiv>
                        <Unicode>doen</Unicode>
                    </TextEquiv>
                </Word>
                <Word id="tr_2_tl_16_w6" custom="readingOrder {index:5;}">
                    <Coords points="1312,591 1312,651 1341,651 1341,591 1312,591 1312,591 1312,591 1312,591"/>
                    <TextEquiv>
                        <Unicode>en</Unicode>
                    </TextEquiv>
                </Word>
                <Word id="tr_2_tl_16_w7" custom="readingOrder {index:6;}">
                    <Coords points="1363,588 1363,648 1437,648 1437,588 1363,588 1363,588 1363,588 1363,588"/>
                    <TextEquiv>
                        <Unicode>niet</Unicode>
                    </TextEquiv>
                </Word>
                <TextEquiv>
                    <Unicode>hebben leuk werk te doen en niet</Unicode>
                </TextEquiv>
            </TextLine>
            <TextLine id="tr_2_tl_17" custom="readingOrder {index:4;}">
                <Coords points="870,689 933,670 1459,681 1459,639 870,640"/>
                <Baseline points="875,669 904,667 933,667 962,667 992,669 1021,671 1050,669 1079,667 1109,669 1138,669 1167,669 1196,669 1226,669 1255,668 1284,667 1313,668 1343,668 1372,667 1401,667 1430,667 1460,669"/>
                <Word id="tr_2_tl_17_w1" custom="readingOrder {index:0;}">
                    <Coords points="869,627 869,687 1031,687 1031,627 869,627 869,627 869,627 869,627"/>
                    <TextEquiv>
                        <Unicode>overdadig</Unicode>
                    </TextEquiv>
                </Word>
                <Word id="tr_2_tl_17_w2" custom="readingOrder {index:1;}">
                    <Coords points="1047,628 1047,688 1168,688 1168,628 1047,628 1047,628 1047,628 1047,628"/>
                    <TextEquiv>
                        <Unicode>,alleen</Unicode>
                    </TextEquiv>
                </Word>
                <Word id="tr_2_tl_17_w3" custom="readingOrder {index:2;}">
                    <Coords points="1196,628 1196,688 1314,688 1314,628 1196,628 1196,628 1196,628 1196,628"/>
                    <TextEquiv>
                        <Unicode>neemt</Unicode>
                    </TextEquiv>
                </Word>
                <Word id="tr_2_tl_17_w4" custom="readingOrder {index:3;}">
                    <Coords points="1338,627 1338,687 1385,687 1385,627 1338,627 1338,627 1338,627 1338,627"/>
                    <TextEquiv>
                        <Unicode>het</Unicode>
                    </TextEquiv>
                </Word>
                <Word id="tr_2_tl_17_w5" custom="readingOrder {index:4;}">
                    <Coords points="1401,627 1401,687 1452,687 1452,627 1401,627 1401,627 1401,627 1401,627"/>
                    <TextEquiv>
                        <Unicode>veel</Unicode>
                    </TextEquiv>
                </Word>
                <TextEquiv>
                    <Unicode>overdadig, alleen neemt het veel</Unicode>
                </TextEquiv>
            </TextLine>
            <TextLine id="tr_2_tl_18" custom="readingOrder {index:5;}">
                <Coords points="874,707 893,706 912,722 950,706 1084,707 1084,676 1059,683 1043,670 1018,674 998,689 985,681 967,693 931,687 903,672 874,689"/>
                <Baseline points="879,701 904,703 930,703 956,703 982,702 1008,701 1034,701 1060,701 1086,703"/>
                <Word id="tr_2_tl_18_w1" custom="readingOrder {index:0;}">
                    <Coords points="871,661 871,721 911,721 911,661 871,661 871,661 871,661 871,661"/>
                    <TextEquiv>
                        <Unicode>tijt</Unicode>
                    </TextEquiv>
                </Word>
                <Word id="tr_2_tl_18_w2" custom="readingOrder {index:1;}">
                    <Coords points="936,663 936,723 967,723 967,663 936,663 936,663 936,663 936,663"/>
                    <TextEquiv>
                        <Unicode>en</Unicode>
                    </TextEquiv>
                </Word>
                <Word id="tr_2_tl_18_w3" custom="readingOrder {index:2;}">
                    <Coords points="999,661 999,721 1076,721 1076,661 999,661 999,661 999,661 999,661"/>
                    <TextEquiv>
                        <Unicode>teskal</Unicode>
                    </TextEquiv>
                </Word>
                <TextEquiv>
                    <Unicode>tijd in beslag.</Unicode>
                </TextEquiv>
            </TextLine>
            <TextEquiv>
                <Unicode></Unicode>
            </TextEquiv>
        </TextRegion>
        <TextRegion id="r_4427" custom="readingOrder {index:9;} structure {type:paragraph;}">
            <Coords points="865,716 865,900 1478,900 1478,716"/>
            <TextLine id="tr_2_tl_19" custom="readingOrder {index:0;}">
                <Coords points="866,746 1023,760 1142,742 1219,763 1241,745 1317,763 1460,746 1441,706 1390,725 1369,705 1179,713 1120,681 1082,708 866,712"/>
                <Baseline points="871,739 900,737 930,737 959,735 989,735 1018,737 1048,737 1077,737 1107,737 1136,737 1166,735 1196,735 1225,737 1255,737 1284,737 1314,735 1343,737 1373,737 1402,737 1432,735 1462,737"/>
                <Word id="tr_2_tl_19_w1" custom="readingOrder {index:0;}">
                    <Coords points="867,695 867,755 1024,755 1024,695 867,695 867,695 867,695 867,695 867,695"/>
                    <TextEquiv>
                        <Unicode>vraterlap</Unicode>
                    </TextEquiv>
                </Word>
                <Word id="tr_2_tl_19_w2" custom="readingOrder {index:1;}">
                    <Coords points="1045,697 1045,757 1082,757 1082,697 1045,697 1045,697 1045,697 1045,697 1045,697"/>
                    <TextEquiv>
                        <Unicode>het</Unicode>
                    </TextEquiv>
                </Word>
                <Word id="tr_2_tl_19_w3" custom="readingOrder {index:2;}">
                    <Coords points="1111,697 1111,757 1136,757 1136,697 1111,697 1111,697 1111,697 1111,697 1111,697"/>
                    <TextEquiv>
                        <Unicode>ik</Unicode>
                    </TextEquiv>
                </Word>
                <Word id="tr_2_tl_19_w4" custom="readingOrder {index:3;}">
                    <Coords points="1156,695 1156,755 1196,755 1196,695 1156,695 1156,695 1156,695 1156,695 1156,695"/>
                    <TextEquiv>
                        <Unicode>vrij</Unicode>
                    </TextEquiv>
                </Word>
                <Word id="tr_2_tl_19_w5" custom="readingOrder {index:4;}">
                    <Coords points="1217,697 1217,757 1340,757 1340,697 1217,697 1217,697 1217,697 1217,697 1217,697"/>
                    <TextEquiv>
                        <Unicode>gelustis,</Unicode>
                    </TextEquiv>
                </Word>
                <Word id="tr_2_tl_19_w6" custom="readingOrder {index:5;}">
                    <Coords points="1354,697 1354,757 1392,757 1392,697 1354,697 1354,697 1354,697 1354,697 1354,697"/>
                    <TextEquiv>
                        <Unicode>den</Unicode>
                    </TextEquiv>
                </Word>
                <Word id="tr_2_tl_19_w7" custom="readingOrder {index:6;}">
                    <Coords points="1421,695 1421,755 1457,755 1457,695 1421,695 1421,695 1421,695 1421,695 1421,695"/>
                    <TextEquiv>
                        <Unicode>van</Unicode>
                    </TextEquiv>
                </Word>
                <TextEquiv>
                    <Unicode>'s Zaterdags heb ik vrij gelukkig, dan kan</Unicode>
                </TextEquiv>
            </TextLine>
            <TextLine id="tr_2_tl_20" custom="readingOrder {index:1;}">
                <Coords points="876,778 1452,791 1444,739 1308,763 1251,745 1219,763 1154,744 1023,760 876,746"/>
                <Baseline points="881,771 909,773 938,773 966,771 995,773 1024,771 1052,771 1081,772 1110,773 1138,772 1167,771 1196,771 1224,772 1253,773 1282,772 1310,771 1339,772 1368,772 1396,771 1425,771 1454,773"/>
                <Word id="tr_2_tl_20_w1" custom="readingOrder {index:0;}">
                    <Coords points="871,731 871,791 899,791 899,731 871,731 871,731 871,731 871,731 871,731"/>
                    <TextEquiv>
                        <Unicode>ik</Unicode>
                    </TextEquiv>
                </Word>
                <Word id="tr_2_tl_20_w2" custom="readingOrder {index:1;}">
                    <Coords points="923,732 923,792 1055,792 1055,732 923,732 923,732 923,732 923,732 923,732"/>
                    <TextEquiv>
                        <Unicode>voortaan</Unicode>
                    </TextEquiv>
                </Word>
                <Word id="tr_2_tl_20_w3" custom="readingOrder {index:2;}">
                    <Coords points="1096,731 1096,791 1257,791 1257,731 1096,731 1096,731 1096,731 1096,731 1096,731"/>
                    <TextEquiv>
                        <Unicode>broesnaar</Unicode>
                    </TextEquiv>
                </Word>
                <Word id="tr_2_tl_20_w4" custom="readingOrder {index:3;}">
                    <Coords points="1279,731 1279,791 1386,791 1386,731 1279,731 1279,731 1279,731 1279,731 1279,731"/>
                    <TextEquiv>
                        <Unicode>mus,</Unicode>
                    </TextEquiv>
                </Word>
                <Word id="tr_2_tl_20_w5" custom="readingOrder {index:4;}">
                    <Coords points="1395,731 1395,791 1447,791 1447,731 1395,731 1395,731 1395,731 1395,731 1395,731"/>
                    <TextEquiv>
                        <Unicode>dit</Unicode>
                    </TextEquiv>
                </Word>
                <TextEquiv>
                    <Unicode>ik voortaan vroeg naar huis. (Dit</Unicode>
                </TextEquiv>
            </TextLine>
            <TextLine id="tr_2_tl_21" custom="readingOrder {index:2;} date {offset:10; length:8;}">
                <Coords points="860,833 894,811 1035,819 1174,809 1174,797 1156,802 1134,782 860,778"/>
                <Baseline points="865,809 890,807 916,808 942,809 968,809 994,809 1020,809 1046,807 1072,807 1098,807 1124,807 1150,808 1176,809"/>
                <Word id="tr_2_tl_21_w1" custom="readingOrder {index:0;}">
                    <Coords points="862,767 862,827 933,827 933,767 862,767 862,767 862,767 862,767 862,767"/>
                    <TextEquiv>
                        <Unicode>aldt</Unicode>
                    </TextEquiv>
                </Word>
                <Word id="tr_2_tl_21_w2" custom="readingOrder {index:1;}">
                    <Coords points="945,769 945,829 987,829 987,769 945,769 945,769 945,769 945,769 945,769"/>
                    <TextEquiv>
                        <Unicode>tot</Unicode>
                    </TextEquiv>
                </Word>
                <Word id="tr_2_tl_21_w3" custom="readingOrder {index:2;}">
                    <Coords points="1014,767 1014,827 1154,827 1154,767 1014,767 1014,767 1014,767 1014,767 1014,767"/>
                    <TextEquiv>
                        <Unicode>keestmis</Unicode>
                    </TextEquiv>
                </Word>
                <TextEquiv>
                    <Unicode>geldt tot Kerstmis.)</Unicode>
                </TextEquiv>
            </TextLine>
            <TextLine id="tr_2_tl_22" custom="readingOrder {index:3;}">
                <Coords points="878,843 1104,845 1132,862 1307,847 1332,871 1387,849 1458,858 1458,815 878,817"/>
                <Baseline points="883,841 911,843 940,843 969,843 998,841 1027,843 1056,843 1084,843 1113,843 1142,843 1171,843 1200,842 1229,841 1258,840 1286,839 1315,840 1344,841 1373,841 1402,841 1431,842 1460,845"/>
                <Word id="tr_2_tl_22_w1" custom="readingOrder {index:0;}">
                    <Coords points="874,802 874,862 937,862 937,802 874,802 874,802 874,802 874,802 874,802"/>
                    <TextEquiv>
                        <Unicode>van</Unicode>
                    </TextEquiv>
                </Word>
                <Word id="tr_2_tl_22_w2" custom="readingOrder {index:1;}">
                    <Coords points="959,801 959,861 1049,861 1049,801 959,801 959,801 959,801 959,801 959,801"/>
                    <TextEquiv>
                        <Unicode>daasga</Unicode>
                    </TextEquiv>
                </Word>
                <Word id="tr_2_tl_22_w3" custom="readingOrder {index:2;}">
                    <Coords points="1078,803 1078,863 1102,863 1102,803 1078,803 1078,803 1078,803 1078,803 1078,803"/>
                    <TextEquiv>
                        <Unicode>is</Unicode>
                    </TextEquiv>
                </Word>
                <Word id="tr_2_tl_22_w4" custom="readingOrder {index:3;}">
                    <Coords points="1122,803 1122,863 1172,863 1172,803 1122,803 1122,803 1122,803 1122,803 1122,803"/>
                    <TextEquiv>
                        <Unicode>pas</Unicode>
                    </TextEquiv>
                </Word>
                <Word id="tr_2_tl_22_w5" custom="readingOrder {index:4;}">
                    <Coords points="1194,801 1194,861 1215,861 1215,801 1194,801 1194,801 1194,801 1194,801 1194,801"/>
                    <TextEquiv>
                        <Unicode>om</Unicode>
                    </TextEquiv>
                </Word>
                <Word id="tr_2_tl_22_w6" custom="readingOrder {index:5;}">
                    <Coords points="1259,799 1259,859 1270,859 1270,799 1259,799 1259,799 1259,799 1259,799 1259,799"/>
                    <TextEquiv>
                        <Unicode>2</Unicode>
                    </TextEquiv>
                </Word>
                <Word id="tr_2_tl_22_w7" custom="readingOrder {index:6;}">
                    <Coords points="1286,801 1286,861 1454,861 1454,801 1286,801 1286,801 1286,801 1286,801 1286,801"/>
                    <TextEquiv>
                        <Unicode>uusnaar</Unicode>
                    </TextEquiv>
                </Word>
                <TextEquiv>
                    <Unicode>Vandaag ga ik pas om 2 uur naar</Unicode>
                </TextEquiv>
            </TextLine>
            <TextLine id="tr_2_tl_23" custom="readingOrder {index:4;} place {offset:0; length:5;}">
                <Coords points="870,889 943,906 971,885 1194,882 1220,899 1342,884 1281,848 1132,862 1105,846 951,852 870,837"/>
                <Baseline points="875,877 901,877 927,877 953,878 979,879 1005,878 1031,877 1057,875 1083,875 1109,873 1135,874 1161,876 1187,877 1213,877 1239,877 1265,877 1291,877 1317,879 1344,881"/>
                <Word id="tr_2_tl_23_w1" custom="readingOrder {index:0;}">
                    <Coords points="869,837 869,897 994,897 994,837 869,837 869,837 869,837 869,837 869,837"/>
                    <TextEquiv>
                        <Unicode>Aum.</Unicode>
                    </TextEquiv>
                </Word>
                <Word id="tr_2_tl_23_w2" custom="readingOrder {index:1;}">
                    <Coords points="1009,836 1009,896 1073,896 1073,836 1009,836 1009,836 1009,836 1009,836 1009,836"/>
                    <TextEquiv>
                        <Unicode>1ooot</Unicode>
                    </TextEquiv>
                </Word>
                <Word id="tr_2_tl_23_w3" custom="readingOrder {index:2;}">
                    <Coords points="1095,836 1095,896 1235,896 1235,836 1095,836 1095,836 1095,836 1095,836 1095,836"/>
                    <TextEquiv>
                        <Unicode>maandag</Unicode>
                    </TextEquiv>
                </Word>
                <Word id="tr_2_tl_23_w4" custom="readingOrder {index:3;}">
                    <Coords points="1261,837 1261,897 1341,897 1341,837 1261,837 1261,837 1261,837 1261,837 1261,837"/>
                    <TextEquiv>
                        <Unicode>dus.</Unicode>
                    </TextEquiv>
                </Word>
                <TextEquiv>
                    <Unicode>H'sum. Tot maandag dus!</Unicode>
                </TextEquiv>
            </TextLine>
            <TextEquiv>
                <Unicode></Unicode>
            </TextEquiv>
        </TextRegion>
        <TextRegion id="r_4428" custom="readingOrder {index:10;} structure {type:page-number;}">
            <Coords points="1106,915 1106,964 1195,964 1195,914"/>
            <TextLine id="tr_2_tl_24" custom="readingOrder {index:0;}">
                <Coords points="1113,952 1126,954 1132,950 1145,956 1153,953 1158,956 1170,955 1168,924 1160,926 1153,919 1143,930 1139,928 1131,931 1120,922 1111,922"/>
                <Baseline points="1127,950 1145,949 1172,951"/>
                <Word id="tr_2_tl_24_w1" custom="readingOrder {index:0;}">
                    <Coords points="1121,908 1121,968 1163,968 1163,908 1121,908 1121,908 1121,908 1121,908 1121,908"/>
                    <TextEquiv>
                        <Unicode>23</Unicode>
                    </TextEquiv>
                </Word>
                <TextEquiv>
                    <Unicode>23</Unicode>
                </TextEquiv>
            </TextLine>
            <TextEquiv>
                <Unicode></Unicode>
            </TextEquiv>
        </TextRegion>
    </Page>
</PcGts>
