1500 975
84 66 151 122 2 Oct.
170 50 735 128 Thuis was het erg gezellig. De twee
154 109 728 169 oudjes waren er en vielen erg mee.
150 143 679 200 Vader had het goed in Den-Haag
142 177 731 218 's Zondagavond ben ik met Erna
146 211 727 274 en Lex naar A'dam gegaan. Gelukkig
150 248 729 309 was ik niet alleen, want het was
150 284 307 331 pikdonker.
152 303 729 379 Wim en ik hebben afgesproken een trui
156 354 735 412 te gaan maken. Vanavond waren we
142 389 713 447 al om 7 uur opstap om de wol te
144 426 753 474 gaan halen. Alle winkels waren echter
138 456 747 519 al gesloten, met het gevolg dat we al weer
142 496 703 557 vroeg thuis waren. Hij heeft toen even
138 530 743 583 naar m'n nieuwe grammefoon
142 564 746 628 gekeken, en we hebben een paar van Erna's
144 600 423 658 plaatjes gedraaid.
144 618 738 689 Tot slot hebben we in m'n tuinhuis nog
134 668 718 727 met z'n tweëen gedanst. Erg goed en
148 704 715 762 leuk. We hebben besloten hier een
144 740 715 804 feestje te geven. Waarschijnlijk doe ik
150 777 709 833 dat op m'n verjaardag met z'n
154 809 733 871 4en of 6en: Lex - Wim als jongens en
146 846 601 907 verder weet ik nog niet.
129 866 739 946 Op school was het erg vies. Een meisje
389 939 422 952 24
862 59 1446 125 stonk uren in de wind. De Leidster
868 108 1474 165 vroeg toen wie er naar de w.c. moest.
862 142 1441 198 Niemand. Toen tilde ze de jurk van
866 176 1450 235 een van de kinderen op. We schrokken
866 213 1476 264 ervan. Een vieze, harde, bruine broek
866 247 1462 304 met gaten waar haar billetjes door
872 282 1441 340 staken. Daar liep ze minstens al
872 322 1254 378 een paar dagen mee.
868 354 1477 404 Mevr. Roest vertelde dat er onder dat
870 390 1469 442 kleine meisje van 4 à 5 jaar nog 3 kin-
872 425 1476 466 deren waren en nog twee die ouder
864 459 1474 513 waren. Vreselijk voor die moeder, die
867 492 1468 551 niet eens op adem kon komen na
870 530 1472 585 de ene bevalling, of er kwam al weer
871 565 1061 619 een ander.
872 600 1451 661 Een ding hoop ik, en dat is dat ze
870 633 1466 694 morgen een schone broek aan heeft.
777 649 860 735 7 Oct.
874 669 1464 731 Onder het genot van een koffie en
869 707 1479 767 de verschrikkingen van sirene en afweer
876 742 1462 799 pen ik toch maar wat neer. Te slapen
880 779 1150 826 is er toch niet.
878 811 1454 859 Vrijdagmiddag om 3 uur moest
882 845 1472 902 ik plotseling naar huis, omdat ik
874 881 1458 945 een migraineaanval had. Razend
1152 931 1182 951 25
