1500 976
143 56 738 129 was ik. Wim zou om 4.15 komen,
137 110 702 161 en ik was als de dood dat ik dan
139 146 743 209 nog sterretjes zou zien, en dus niet
139 185 746 235 in staat zou zijn hem te ontvangen.
147 218 742 276 Gelukkig was dat niet zo, maar ik
135 257 724 309 was zo opstandig, teneer geslagen etc.
141 288 751 342 en ik had zo'n ontzettende pijn, dat ik
137 322 728 377 plotseling me niet meer goed kon
131 356 733 416 houden. De engel heeft me toen ge-
141 392 745 437 troost. Hij moet Donderdag de 10e. Oct.
127 425 721 467 examen doen voor semi arts.
139 461 708 518 Hij is dood zenuwachtig en dit
139 500 720 559 heeft een verderfelijk invloed op
141 535 732 588 z'n suiker. Ik zal hem daarom
143 568 734 612 maar wat bloemetjes en houte kat
143 603 724 650 jarig uit een N.S.B. winkel n.b.
147 639 627 700 gaan brengen ter opvrolijking.
139 671 730 715 Zondag ben ik op bezoek geweest bij
141 708 746 766 Mej. Ramondt, m'n zeer geëerde
137 745 638 801 directrice van de Godelinde
147 766 708 840 Het was erg gezellig, (evenals bij A.
141 811 728 867 Middekoop, een mej., die me met
145 847 660 906 huiswerk hielp) en bij Boof.
117 881 738 947 's Avonds zijn Lex en ik samen naar
411 945 452 958 26
867 50 1462 130 huis gegaan. Het stroomde en we za-
878 109 1431 154 ten in een boordevolle, donkere en
877 147 1341 201 benauwd-warme coupé.
877 173 1448 236 Hij is toen nog bij me thee komen
873 213 1450 273 drinken en we hebben een plaatje
869 248 1460 311 op m'n nieuwe gram. gedraaid.
867 283 1472 338 De trui voor Willem wordt fantastisch
871 321 1362 381 mooi, warm en practisch.
873 353 1457 396 Vanavond was er voor het eerst in
869 392 1468 452 mijn bijzijn luchtalarm in A'dam.
871 423 1446 465 Ik zat in m'n huis@@ bij Fem en
871 456 1460 518 Frits nog te breien en bouillon met
871 495 1462 557 zoutjes (overblijfsel van Ruths verjaardag)
873 530 1448 591 te eten toen we het hoorden. We gingen
874 568 1440 618 toen met z'n allen de keuken in,
877 600 1464 650 Edda kwam met Ruth en Huib van
872 631 1447 693 boven. Het was pas 9.30 uur. Daar
875 671 1436 730 hebben we precies een half uur ge-
875 705 1462 764 wacht. Er gebeurde gelukkig niets
879 741 1446 805 en toen het veiligsein weer klonk
881 777 1422 833 zijn we maar naar bed gegaan.
877 788 1474 866 Direct daarna kwam ons lieve Engels
879 845 1468 901 mannetje weer boven ons hoofd ron-
881 879 1470 943 ken en klonk het afweergeschut weer.
1166 936 1188 949 27
