1500 975
142 53 721 130 Het verkeer tussen Engel. en Holland
138 108 708 168 is nog zeer geregeld. Laatst was er
140 146 717 202 van ± drie kanten een verhaal dat
138 180 717 239 er een vriend van em. plotseling
140 216 735 276 terug gekomen was in Amsterdam en,
132 251 727 294 deze zei dat hij weer gauw werd
128 286 703 340 afgehaald ook. Dat gaat zo met
128 322 705 374 vliegmachines op het platteland
134 353 721 404 @@@ Duitsl. en Italië zijn nu Roe-
140 386 735 444 menië binnen gevallen. De petroleum
140 426 734 488 is blijkbaar op. Wij krijgen zeer spoe-
134 461 738 524 dig @@ geen koffie, thee, petroleum, kolen,
134 494 708 546 brood boter en vruchten meer, of
134 529 736 578 zeer sterk in hoeveelheid verminderd.
126 563 697 627 Het zal me dus een winter worden.
138 601 732 661 Ze beginnen nu ook met het verbieden
136 638 720 699 van het plaatsen in rijks en gemeente
126 671 721 731 baantjes van de Joden. Vader zal dus
140 705 695 762 ook wel weer gauw thuis komen.
141 741 741 787 Zielig gewoon. Op de Bijenkorf staat
130 774 744 840 geschreven dat Duitse soldaten, daar
130 809 727 868 niet mogen binnengaan. En op zo
142 848 717 906 veel andere winkels dito. Wat een
137 881 417 939 rust voor ons.
352 920 415 957 28
882 44 1451 134 Mijn tuinhuis staat te te trillen ge-
876 106 1252 160 woonweg af en toe.
866 141 1468 204 Morgen zal ik m'n verdere belevenis
867 178 1440 235 sen wel weer pennen en anders
870 216 1450 278 een andere keer, als ik weer eens
883 250 1028 297 tijd heb.
816 303 857 321 8 Oct.
812 301 1465 317 Gisteren avond, toen ik weer in bed
880 317 1469 375 lag hoorde ik het Engelse vliegertje weer
880 353 1450 396 aan komen. Meteen, was het weer
880 386 1456 449 een lawaai van jewelste en ik had
872 421 1451 482 nog geen ± uur, in bed gelegen met
874 456 1474 520 een boek van Helen Keller of ik moest
878 495 1457 547 weer naar de anderen, omdat er
870 529 1469 585 luchtalarm was. Daar hebben we
878 564 1477 606 toen zitten katjangs pellen en breien, etc.
870 598 1462 642 en na afloop ben ik weer in m'n bed
880 633 1474 682 gaan lezen. Om 1 uur sliep ik en
880 672 1455 731 om 3 uur was de zaak afgelopen.
882 702 1464 767 Er zijn erg veel bommen gegooid,
874 737 1226 793 en veel is er stuk.
876 772 1468 838 De kinderen waren bijna allemaal
876 811 1466 851 van school weg gebleven, wat dan ook
880 843 1152 906 geen wonder was.
864 859 1483 939 Nu is het rustig. Morgen moet ik
1193 934 1218 947 29
