1500 976
161 49 725 136 voor het eerst een algemeen lesje
139 109 734 171 gegeven. Erg eng. Ben benieuwd hoe
144 143 340 198 het afloopt.
75 163 142 235 14 Oct.
142 175 752 238 Dat lesje is goed afgelopen, morgen was
139 213 726 268 één, en dan moet ik de hele klas tot
141 247 720 298 10 uur houden. Ik ga ze een lesje geven
135 286 736 343 hoe ze voor iem. langs moeten lopen.
137 320 744 369 Gisteren avond ben ik met Erna naar
139 355 750 416 het Centraal théater geweest. Het Concert
131 387 746 441 een toneelstuk van Cees Laseur + Mary
133 424 724 471 Dresselhuis ( + Joy makeham + Asta Lee)
131 460 656 516 werd gegeven. Denderend leuk.
131 495 745 554 Na afloop werden we door een jongen van
131 531 745 590 de afhaaldienst (geluidsman) gehaald
141 565 745 620 die ons naar huis bracht. Een reu-
133 600 734 648 ze instelling, want wij meisjes kun-
135 633 744 695 nen practisch gesproken niet meer
129 671 734 729 alleen door het donker alleen naar
151 714 271 750 huis.
147 713 724 790 Vandaag was mej. Middelkooper,
137 775 701 835 die bij me thee dronk, die me
137 810 698 864 de Universiteit, heeft laten zien.
141 848 718 894 Daarna zijn we nassi gaan eten
127 880 706 945 in de Leidse. Ik was verder de
393 939 412 951 30
881 47 1398 124 hele avond thuis met Bob en
893 103 1468 170 Map + Ben als gezelschap. De rest was
895 144 1462 195 uit. Een leuk stel. Wim heeft morgen
877 178 1471 239 uitslag. Ik ben benieuwd of hij er is.
886 215 1468 259 De schooltijden zijn totaal veranderd.
879 245 1470 311 We hebben tegenwoordig de hele Woensdag
875 286 1462 347 school en Zaterdag’s vrij. Nu hebben
883 323 1472 374 we 's Zaterdag 's morgens cursus in-
881 355 1455 419 plaats van school. (Als troost krijg ik
875 388 1470 451 van de het hoofd van de school Donderdag
873 424 1474 490 en Vrijdag vrij voor de Joodse feestda-
873 462 1477 514 gen. Ik denk dat ik eens ga zwemmen.
873 499 1478 552 Ik hoop dat ik morgen orde kan houden.
803 530 888 586 29 Oct.
888 529 1387 578 Veel nieuws was er niet.
893 566 1470 624 Maar de laatste paar dagen weer wel.
947 602 1484 662 De oorlog is tot Griekenl. doorgedrongen.
877 634 1331 696 Italië is met Gr.l. in oorlog.
879 672 1468 726 De toestanden hier zijn aanmerkelijk ver-
879 707 1476 754 ergerd. De Joden worden eerdaags alle-
879 741 1483 800 maal ontslagen. Jo Spier is z'n baan al
879 778 1453 840 kwijt. Op de vleesbonnen is aldoor geen
879 814 1463 861 vlees te krijgen. Broodrandsoen wordt
881 854 1482 903 verminderd, doordat de koekjes ook op de
881 880 1480 946 bon gaan. Gas + electriciteit hout op de bon
1171 935 1200 951 31
