1500 977
135 51 734 122 en de boter is zo weinig, dat we er
135 111 752 175 bijna niet mee rond kunnen komen
151 146 548 192 En zo gaat het maar door.
150 186 742 226 Op school zitten we in een temp. van
147 216 754 258 43° omdat de kachel niet voor 1 Nov.
139 252 743 316 aan mag. 's Zaterdag's hebben we vrij en
137 287 565 343 Woensdag middag school.
137 321 756 382 Op het ogenblik doen vele schone gedich-
141 356 746 402 ten de ronde. Alles gaat in het geheim
135 393 760 446 en in de tram + de trein wordt in elkaars
151 427 414 486 oor gefluisterd.
137 448 758 524 Tegenwoordig is er een dans verbod en men
123 497 738 560 mag niet meer op straat, tussen 12 + 4
139 534 394 597 uur 's nachts.
135 567 734 617 Thuis hebben we al veel veranderd. In de
135 603 722 655 zitkamer staat nu een grote pot kachel
137 635 741 697 en het eetkamer ameubelement. Dus
137 672 731 727 nu bewonen we alleen nog maar
143 709 502 757 beneden de zitkamer.
143 727 738 803 Wim treed als mijn lijfarts op tegen-
151 781 755 835 woordig. Hij is geslaagd voor z'n semi
139 811 753 860 arts examen en repareert nu een stukken
145 854 756 907 voet van mij met een exceem en 2 zwe-
148 886 740 947 ren - Ik wilde zograag dat hij me aan
371 914 426 958 32
869 52 1453 135 een vriend kon helpen, maar ik durf
870 108 1341 170 het bijna niet te vragen. On verra.
871 143 1471 205 Op Franse les lees ik nu La Maternelle.
866 181 1466 238 Zondag ben ik heerlijk opgetukkerd door
867 212 1466 268 een concert van de U.S.O. de Pastoraen
871 249 1475 311 van Beeth. en pianoconcert van Brahms.
820 296 878 316 5 Nov.
819 283 1483 338 Zondag hadden we een klassen bijeenkomst
867 327 1469 383 bij Alma. Reuze leuk. We spraken alle-
869 356 1483 403 maal over ons werk en besloten geregeld
881 396 1427 450 bij elkaar te komen en vooral onze
871 424 1450 483 Amterdamse lunches in Kempinski
877 460 1289 516 elke Dinsdag te handhaven.
871 494 1471 558 Vandaag is de trui van Wim afgekomen en
869 531 1478 591 ben ik hem gaan brengen. Eerst had ik opgebeld
877 565 1459 610 of hij vrij had en me thuis kon brengen.
875 601 1479 644 Toen ik bij hem kwam zat Wally Holz
869 641 1454 702 haus nog net met haar arm om
871 670 1457 717 z'n hals. Ben benieuwd of daar nog
867 703 1481 768 een huwelijk van komt. In ieder geval
867 742 1463 789 was het erg gezellig  en hebben we
867 781 1469 837 een hele poos zitten praten. De trui was
869 813 1441 856 beeldig. Maar ik kreeg maar een
871 845 1463 901 gewoon bedankje. (Ik had wat anders
867 881 1468 947 verwacht) Daar ik nog ƒ2: teruggaf
1145 941 1164 953 33
