1500 977
147 59 734 134 aan overgebleven wol, kwam Wim op
143 110 726 166 het idee nog even uit te gaan. We zijn
141 145 756 207 toen naar een kroegje gegaan, waar ik
140 195 744 222 een zalig advocaatje kreeg. Stijf gearmd
141 216 745 253 zijn we toen met z'n drieën Wally weg
141 249 760 310 gaan brengen. Wim en ik zijn toen met
141 285 770 335 een omweg langs een automaatje met
143 326 737 380 overheerlijk croquetjes (zonder vlees en
144 355 740 424 dus zonder bon) naar de Prinsen
144 391 746 453 gr. 905 gegaan. Eerst zijn we even bin-
141 425 740 470 nen gaan zitten. Frits wordt de hele
145 459 716 517 tijd vervelender. Ik heb Wim toen
134 496 750 539 maar gauw mee naar m'n atelier
139 534 704 579 meegesleept. Daar hebben we toen
143 564 720 626 eerst nog een poosje zitten fomen
141 601 732 654 een cigaretje gerookt en m'n voet
139 640 753 698 behandeld. Toen hij wegging kreeg ik in-
145 671 723 728 eens een zoen van hem. (de schat
145 708 729 754 had het natuurlijk niet in bijzijn
149 740 760 794 van Wally gedurfd).  Donderdag over
142 774 750 827 een week komt hij me van de trein
143 810 757 866 halen, als ik naar Utrecht ben geweest
141 850 730 898 waar we met z'n allen bij Lies en
140 884 755 955 Annelies op bezoek gaan en daarna
418 940 436 951 34
869 50 1473 126 gaan eten in de stad bij van Angeren
869 105 1468 164 Iedereen spijbelt voor de gelegenheid.
863 141 1460 208 Ik heb nog moeite gedaan bij Wim;
867 178 1471 237 en heb hem n.l. gevraagd of hij me
868 211 1473 267 niet aan een paar jongens kennissen
871 250 1471 305 kon helpen, maar dat lukte niet
868 284 989 330 hard.
865 319 1474 378 Het is nu al 11 uur, morgen moet ik
867 356 1472 403 les geven, wat, dat weet ik nog niet.
871 386 1473 451 Dus ga ik daar maar gauw over lig-
869 425 1475 486 gen pijnzen. De eieren en koekjes zijn
869 459 1449 520 nu ook gedistribueerd, 1 ei per
871 493 1440 555 week p. pers. en koekjes gaan op de
865 530 1480 578 broodbonnen. Mensen Tussen 14-21
871 573 1474 627 jaar krijgen 400 gr. brood extra in
876 599 1461 663 de week. Verder is er nog gebom-
875 631 1467 693 bardeerd hier. Precies raak. Onno
873 674 1449 722 is hem gesmeerd naar Engel. Hij
875 704 1467 766 was plotseling verdwenen en schreef
861 740 1261 788 later dat hij weg was.
1135 921 1191 959 35
