1500 977
53 89 137 111 15 Nov
57 63 732 114 De laatste tijd is er steeds lucht-
143 113 744 162 alarm. We gaan nu al niet
164 150 739 186 meer naar onze schuilkelder
149 179 741 234 (de keuken-eetkamer) maar slapen
143 225 748 276 zo mogelijk verder. Het is te vermoeiend
141 251 745 305 want het is ± 3 à 4 x per nacht tegenwoor-
141 286 742 342 dig. Er is hoe langer hoe meer op de bon
155 322 736 377 (jam, melk, chocola, eieren etc.)
150 356 400 411 koekjes, taartjes)
145 371 750 450 Op het Gym in H'sum is het vreselijk.
151 425 752 485 Kees de Bruine is er bijna uitgegooid.
147 461 731 503 Een N.S.B. jongen had n.l. vanaf
135 498 744 554 de 15e mei precies opgeschreven wat
157 533 724 589 Kees over de politie had gezegd.
145 567 732 629 Hij is ermee naar z'n vader gegaan
143 600 742 645 en deze weer naar de burgemeester
153 638 702 681 von Bönninghausen (N.S.B) en
147 673 744 713 als Kees niet van school werd
143 704 752 754 verwijderd, zou de rector de hele
143 746 735 795 school moeten sluiten. Ben be-
145 785 726 836 nieuwd wat er gaat gebeuren.
137 811 746 858 Laatst ontmoette ik Arie v. d. Linden
139 846 738 910 die bij me op de hoek van de Prgr.
145 882 452 948 + Vijzelstr woont.
416 940 439 951 36
859 46 1459 133 Gisterenmiddag zijn we naar Utrecht.
855 106 1449 152 geweest. Het was reuze leuk. We
855 150 1459 196 hebben nassi-goring bij v. Angeren ge-
863 177 1465 234 geten, nadat we met z'n allen bij
859 211 1461 270 Lies v. Tijen en Annelies Kan op hun
863 248 1462 298 kamers waren geweest. We zijn toen met
869 283 1471 330 z'n allen naar de trein gegaan, die
864 317 1475 366 we misten. We hebben daardoor ± 1 uur
865 353 1475 408 moeten wachten. Er kwam een station
855 388 1471 441 beambte bij ons praten. Hij vertelde
871 425 1481 472 dat ze elke avond alle NSB aanplak-
871 458 1470 504 biljettes eraf scheurden, maar dat ze
863 505 1473 552 er ook weer elke dag opgeplakt wer-
859 529 1469 577 den ook. Ik moest alleen terug naar
859 568 1470 619 Amsterdam. Daar we een te vroege trein
871 598 1447 658 terug hadden genomen, moest ik in
867 635 1453 674 A'dam 1 uur op Wim staan
871 670 1467 719 wachten.  Er was juist luchtalarm
871 707 1457 764 toen we aankwamen, met het ge-
869 742 1472 799 volg dat ik met nog 4 mensen, waar
871 775 1461 830 ik me bij aangesloten had in de schuil-
879 809 1288 868 kelder zijn gaan staan.
875 845 1457 904 Wim had de politie nog opgebeld
873 880 1453 948 of hij geen extra vergunning kon
1149 941 1172 953 37
