1500 977
154 50 699 115 krijgen om over straat te gaan,
146 101 714 162 om mij af te halen, maar dat
143 142 738 201 werd niet toegestaan. Toen kwam
135 179 602 226 hij een half uur te laat.
141 217 712 266 Moeder is vandaag naar een
147 252 721 312 rusthuis in Bilthoven gegaan
145 286 652 348 Ze weegt nog maar 108 pond!
148 321 714 367 Wim vroeg toen meteen of ik dan
149 355 733 419 maar niet eens in R'dam kwam
145 393 540 443 logeren. Reuze aardig.
145 426 702 479 Bij Reen Kan op haar verjaardag
143 462 737 523 was het erg gezellig.  Ik ben benieuwd
143 498 727 555 hoe dat op de mijne moet gaan, nu
135 531 732 572 moeder er niet is. Sint wordt
141 568 735 623 dit jaar toch ook al nergens goed
137 602 702 664 gevierd. Iedereen moet voor 12en
153 639 724 693 thuis zijn, het lekkers is op de
145 672 706 729 bon en de cadeaux stinkend
138 711 296 750 duur.
145 718 750 804 Vandaag is Tante Nefekes gestorven
143 776 722 838 heel plotseling, Tante Sophie ligt
149 813 584 858 ook in het ziekenhuis.
143 835 727 890 Morgen ga ik weer naar H'sum.
135 884 656 942 Ik hoop dat vader er ook is.
397 938 424 949 38
787 57 845 133 25.
881 47 1470 114 Vader was er inderdaad met Paul
866 105 1453 155 en Hetteke. Toen ik thuis kwam lag
871 143 1455 181 het hele huis vol brieven van de
869 175 1469 238 een aan de ander. Ik moest om
869 210 1451 262 5.30 uur koken. Toen hebben we fa-
860 245 1464 317 milieraad gehad. Hettie logeert bij
861 279 1437 337 de Lieberts, Paul bij Mevr. Kiès in
863 317 1455 359 Bussum, Vader woont nog altijd
867 355 1463 394 in Den Haag. Moeder zit in Bilth. en
867 384 1457 444 ik in Amsterdam. Een fraai fami-
869 421 1443 473 lie verband. Paul en Vader zijn
859 462 1470 515 naar Moeder gegaan en ik heb ver-
861 493 1453 546 der in H'sum bij Erna gelogeerd.
865 525 1482 581 Paul is deze week-end hier geweest.
871 563 1481 621 We zijn reuze gezellig samen uit
867 606 1477 655 geweest. Eerst boodschappen in de Bijen-
877 634 1477 693 korf gedaan, en 's avonds naar Laila
835 661 1449 730 de enige niet Duitse film, het
869 699 1473 762 was een Noorse film met pracht
871 739 1375 790 ski en sneeuw opnamen.
877 773 1450 831 De volgende avond zijn we met
875 804 1466 863 Wally en Wim naar een concert
883 843 1449 905 in het concertgeb. geweest. o.l.
873 877 1269 939 van Ed. v. Beinum
1143 933 1165 946 39
