1500 978
139 56 743 135 Willem Mengelberg is gelukkig weg
155 129 699 148 die N.S.B.er. Er ging voor van
139 142 750 207 Beinum een denderend applaus
139 183 728 243 op. Na afloop zijn we met z'n 4en
141 214 712 280 naar de Pr. gr. gegaan. Ik was in
139 249 708 297 een rot bui; ten eerste hadden
153 288 744 345 we hele slechte plaatsen gehad, door-
139 322 734 370 dat ik te laat besproken had en 2e ver-
149 355 698 403 telde Wim dat hij niet mee
128 392 738 446 ging naar H'sum op mijn verjaar-
127 426 752 489 dag. Hij wist uit zichzelf dat ik jarig
147 459 701 521 was. Nu ga ik maar vragen of ze
139 495 660 539 vrijdagavond bij me komen.
145 517 739 587 Vandaag was Vader hier en die
139 571 748 611 heeft tegen Fem gezegd, dat ik wel
149 602 748 664 veel lekkers etc. mocht aanschaf-
153 645 214 682 fen.
159 657 738 721 Op school bij Paul is erg veel ge-
139 699 756 746 beurd. Kees de Bruine is er bij-
129 744 740 795 na afgezet. Er was n.l. een NSBer
139 779 708 840 die van 15 Mei af alle op en aan-
143 812 744 873 merkingen van Kees had opgeschreven
139 848 718 890 en die had hij aan z'n vader
139 883 723 946 gegeven, die er weer mee naar
382 937 406 951 40
867 51 1405 116 de burgemeester was geweest.
867 106 1462 158 De eis was dat Kees van school kon
875 146 1442 188 worden gestuurd en dat anders de
873 172 1390 238 hele schoot gesloten zou worden.
871 212 1470 272 Nu zijn er boeken ingepikt. Schoere
885 246 1443 291 Wörter; er stond n.l. in: es gährte
875 279 1440 344 in Deutschland. Verder nog mijn
869 317 1468 361 Duitse litt. boek. Er werd ook nog bevolen
871 347 1446 394 dat ze zouden collecteren voor de
871 391 1471 438 Winterhilfe. Er zijn erg veel mensen
871 429 1481 484 ontslagen, maar Vader is erg optimist
863 458 1473 510 en zei dat dit de laatste maatregelen
872 492 1468 546 waren. Veel Duitse militairen lopen
873 525 1471 587 in burgerpakjes rond, d.w.z. het zijn
871 564 1456 623 dienstweigeraars. Zo zijn er alle
869 595 1472 662 bewijzen dat het de Duitsers slecht
869 631 1466 696 gaat. Vrijdag ben ik jarig, dan zal ik
871 667 1260 729 wel verder pennen.
1142 934 1164 946 41
