1500 977
61 92 143 115 30 Nov
170 91 496 110 Eindelijk 18 jaar.
143 113 688 171 Een denderende verjaardag in
135 149 420 197 Amsterdam.
137 183 737 234 's morgens in de eet-keuken stonden
131 216 705 278 er bij m'n bord 3 planten, 1 pakje
129 251 748 297 en brieven. Een pracht cigaretten, heel
139 286 747 344 groot en rood van Moeder. Een kleintje
145 323 720 379 van Edda, en een formula van Oma.
147 352 751 413 van Roel Pot (de juffr) een flesje I osca47
135 391 752 444 en brieven. Plotseling kreeg ik het te kwaad
141 427 730 473 toen ik vaders brief las. Het was nu m'n
135 463 732 499 eerste verjaardag van m'n leven, die
135 497 740 546 ik niet thuis vierde. Dus dat was ook
145 531 740 587 inderdaad wel even vervelend. In ieder ge-
147 566 726 618 val was Fem schattig en troostte me
137 601 704 657 erg goed en zo kwaad als het ging. Van
139 637 671 695 haar kreeg ik een zonnebloemkleurig
141 671 752 731 kussen omtrek, van Ruth een zelfgemaakte
143 708 702 761 kalender en van Huib toffees.
143 743 752 786 Van Oma kreeg ik m'n eerste theeservies
137 778 742 829 dat ik zelf bij van Gildes had uitgezocht.
147 813 741 853 rode/Fomaat kleurige) kommen, wit van
141 851 745 907 binnen. Verder lag er nog een prachtig
143 881 737 946 leren étui bij met oude foto's van
432 940 456 953 42
867 48 1456 134 Oma en mij. Eindelijk kwam Fem
875 109 1464 148 aandragen met vader + moeders cadeau
873 142 1472 201 De zolang begeerde bloedkralen ketting
861 178 1373 235 uit een Antiquair. Een beeld.
862 216 1477 268 Op school trakteerde ik op zelfgebakken @@
867 249 1476 311 koek en chocola, 's Middags kreeg ik vrij.
871 281 1467 326 Toen ik thuis kwam vond ik daar
869 317 1458 375 een cadeautje van Dora, een glazen
870 354 1473 407 bakje, dat ik direct inwijdde als ciga-
865 387 1475 426 retten standaard. Toen om 2.30 uur kwam
873 423 1474 481 Oma met een ring. Ik had n.l. een ou-
867 460 1466 505 de Zeeuwse knoop gevonden, waar zij
875 493 1471 538 een ring van zou laten maken. We hebben
867 528 1464 590 erg gezellig een poosje in m'n kamer ge-
869 567 1461 618 zeten. Daarna kwamen Emmy en Paula
867 596 1469 658 met zakagenda en asbak. Een ronde met
874 633 1471 685 gaatjes in de rand om de peukjes in te
854 668 1465 727 stoppen. Louk en Mary de Leeuw kwa-
858 704 1443 754 men met een glazen asbak (beeldig)
876 739 1471 802 Conny Molen met nog een flesje Posed 4711
873 773 1477 825 Erna met een beeld van een reispoe-
871 811 1480 858 derdoos (licht blauw) en Mieke Brui-
873 840 1477 900 ma met een plantje. Mieke Kiés had
867 879 1476 939 bij me koffie gedronken en nam een
1160 939 1190 952 43
