1500 979
148 65 245 125 witte
277 67 410 127 cyclane
447 68 517 128 mee

143 101 232 161 frart
252 103 304 163 toel
332 101 359 161 de
381 102 438 162 hele
458 103 525 163 Troep
545 103 629 163 wilde
646 101 740 161 vertrek-

130 136 197 196 Een
226 137 283 197 hwem
334 138 389 198 koel
412 137 486 197 niet
502 139 533 199 en
553 139 666 199 pracht

148 175 323 235 Eyelame
346 173 508 233 aandragen
549 173 571 233 it
590 174 645 234 dat
671 173 700 233 een

136 211 248 271 gvate
267 209 364 269 kaarl
405 209 459 269 van
483 211 536 271 herm
575 211 610 271 bij
634 211 672 271 de
687 211 745 271 engel

141 245 216 305 ina
243 244 373 304 bleesete
411 247 461 307 hen
478 248 544 308 feert
559 245 682 305 deriers

132 281 386 341 huzarenla,
395 281 423 341 op
447 282 588 342 afhetti,
606 278 651 338 vla
675 279 747 339 met

127 315 309 375 vruckten
350 316 405 376 na
440 317 580 377 heteten
605 313 697 373 waren
712 315 745 375 we

123 349 188 409 get
213 349 245 409 de
274 349 337 409 dele
370 351 504 411 samilie
524 351 567 411 ean
594 349 654 409 min
687 351 750 411 kang

129 385 161 445 or
197 385 306 445 partje
326 385 343 445 te
371 385 458 445 ete,
474 383 542 443 vne
560 385 611 445 wes
625 385 655 445 al
677 385 724 445 wes

139 425 173 485 in
202 420 250 480 een
287 421 437 481 slaeper
464 419 521 479 voor
538 420 570 480 de
593 421 716 481 deurt

134 456 241 516 Vader
278 456 327 516 Een
347 456 461 516 reize
482 455 652 515 verressing
676 457 706 517 ti

132 488 191 548 Ken
219 491 253 551 tot
277 489 304 549 9.
316 491 451 551 parian
481 491 623 551 olsden,
646 490 743 550 Onder

137 522 252 582 Turen
277 523 384 583 belden
410 525 491 585 Oong
508 525 596 585 Vaam
640 523 667 583 en
686 524 751 584 Arie

126 559 134 619 /
158 559 197 619 der
209 563 319 623 Lenden
346 561 407 621 nof
426 561 446 621 op
477 561 560 621 Beste
589 559 654 619 bad
679 559 746 619 willen

135 596 278 656 komen,
288 597 403 657 waar
429 595 480 655 dot
504 595 527 655 te
551 593 684 653 wachten
704 597 725 657 of

132 629 191 689 Ean
215 634 340 694 esamen
360 633 464 693 oprep
503 631 536 691 en
560 631 683 691 deursde
703 633 735 693 de

129 663 215 723 niet
245 667 319 727 weg.

124 700 191 760 Dree
216 701 280 761 fe3s
298 701 376 761 eaer
397 701 492 761 keke
539 700 606 760 Drin
642 698 705 758 met

129 735 189 795 een
217 734 294 794 buld
314 737 369 797 van
397 737 453 797 een
483 735 605 795 zilveren
621 733 734 793 gebalel

131 772 321 832 Arruband,
336 771 389 831 ock
409 773 466 833 uit
495 771 550 831 een
572 771 739 831 antgedit

132 803 190 863 uit
222 806 255 866 de
285 807 444 867 nieuwe
470 807 632 867 spieselste

132 842 284 902 Derkelijk
307 841 482 901 denderend

98 876 211 936 Jaer
235 876 340 936 oader
362 878 532 938 weswoede
567 877 639 937 jang

359 933 398 957 44
889 67 1067 127 beste
1108 68 1141 128 te
1163 67 1220 127 qul
1264 67 1289 127 te
1311 65 1415 125 shier

864 101 1024 161 pelustig
1084 103 1130 163 er
1146 103 1173 163 ge
1233 103 1350 163 cht
1368 101 1453 161 gen

864 137 1013 197 kswolpd

879 172 909 232 Pa
961 173 991 233 om
1034 173 1110 233 G.3.
1122 171 1241 231 kidaene
1275 170 1336 230 en
1360 172 1391 232 en
1409 173 1461 233 neef

859 206 925 266 pest
950 209 983 269 een
1001 210 1353 270 kerergroke

862 243 920 303 der
975 243 983 303 1
1004 243 1089 303 i
1107 245 1118 305 1
1164 246 1195 306 de
1211 244 1312 304 Vester
1348 241 1455 301 prloten

864 277 910 337 het
929 278 994 338 wed
1009 278 1060 338 zeg
1079 277 1161 337 kual
1178 277 1237 337 den
1248 277 1380 337 derende
1406 276 1433 336 de

870 313 936 373 dan
954 314 1031 374 daag
1049 313 1141 373 bovn
1168 313 1355 373 deore
1370 311 1412 371 ta

882 347 928 407 by
952 348 966 408 m
1049 348 1118 408 ra
1142 347 1303 407 tonbeter
1332 347 1364 407 de
1383 347 1429 407 Car

863 378 897 438 i
954 384 1168 444 wetddeubal
1194 385 1226 445 Tt
1250 381 1334 441 etiaen
1361 381 1438 441 voor

862 418 982 478 Jarsen
997 417 1115 477 eader
1138 417 1180 477 we
1202 416 1393 476 hiarmala
1417 417 1476 477 klaar

880 449 910 509 Om
972 455 993 515 te
1013 453 1280 513 paeterenhadik

875 491 1192 551 kruidkoekara
1217 487 1432 547 ockos

860 525 1068 585 brestplaat,
1083 525 1108 585 en
1120 524 1215 584 Careck
1267 523 1437 583 antjesen

875 560 1028 620 tagitps

794 610 875 637 18 Dec.
1005 593 1014 653 t
1044 594 1105 654 dui
1147 593 1263 653 Aweest
1292 591 1322 651 en
1353 591 1420 651 tepen

969 627 1237 687 natmorlijkver
1269 627 1322 687 veel
1339 623 1446 683 gebuerd

874 661 980 721 naer
1013 666 1043 726 de
1074 663 1154 723 helft
1181 664 1221 724 ben
1243 663 1269 723 ik
1294 661 1319 721 al
1343 661 1406 721 weer
1420 661 1454 721 ver

885 697 946 757 seken
989 703 1067 763 mu
1099 697 1259 757 beraardag
1281 698 1305 758 in
1335 697 1425 757 Hren

885 729 940 789 was
965 737 1036 797 niet
1063 733 1121 793 een
1175 734 1315 794 niemand
1342 734 1445 794 biest

873 767 947 827 west
969 772 998 832 en
1026 769 1056 829 ik
1078 767 1164 827 moest
1190 767 1271 827 overal
1307 763 1386 823 allen
1409 764 1448 824 ooo

876 804 977 864 forsen.
1003 803 1070 863 Arie
1096 801 1161 861 belde
1182 801 1321 861 davinds
1343 798 1389 858 na
1421 801 1442 861 op

871 837 937 897 skte
957 839 1007 899 nu
1040 837 1115 897 niet
1131 837 1204 897 weer
1234 835 1321 895 net
1337 834 1371 894 sen
1394 834 1405 894 i
1426 837 1469 897 aor

869 875 967 935 Lerus.
986 877 1039 937 Nim
1090 877 1169 937 liese
1191 875 1212 935 is
1249 873 1357 933 totaal
1376 871 1464 931 ehaell

1180 929 1219 953 45
