1500 979
165 50 699 122 Voor Wim echter nog niet.
134 105 729 171 Moeder gaat het nog niet goed
137 144 697 193 ze komt nu met Vader, die
138 189 678 241 ontslagen is ) samen in een
128 218 683 275 pension op de Steynlaan in
130 254 717 305 H'sum. Wij blijven waar we zaten.
136 289 723 346 Ik heb net waterpokken gehad, een
138 327 682 387 erge vervelende ziekte op mijn
130 359 711 417 leeftijd. Vandaag voor het laatst
122 391 677 455 huisarrest. Zaterdag krijgen we
130 425 714 483 vakantie. M'n collega's en vrien-
136 460 715 507 dinnen en Wim hebben me goed
132 501 701 559 gezelschap gehouden al die tijd.
134 535 699 581 Ik heb ondertussen 1 paar sokken
126 569 703 630 gebreid voor mezelf, een theemuts
124 596 653 667 gemaakt en wanten met bont.
130 639 714 702 Een reuze prestatie. Vandaag heb ik
130 675 699 731 al m'n kasten opgeruimd en m'n
121 709 679 772 jurken gemaakt + kousen gestopt.
122 745 717 790 Maandag is er een feest bij Erna
138 778 712 835 aan huis. Ik slaap die nacht bij
142 812 742 867 Nora en in iedergeval tot de 28ste
136 842 742 912 bij Erna. Dan blijf ik in ieder geval tot
124 885 731 948 Nieuwjaar in H'sum. Waarschijn-
385 939 416 952 46
873 51 1463 139 lijk ga ik dan nog een paar dagen
869 105 1186 165 naar Rotterdam.
876 146 1436 205 We zien de laatste tijd helemaal
874 180 1446 234 geen vlees meer. Zelfs Wim met
876 217 1390 276 z'n dieet krijgt het niet.
872 248 1461 310 Zo gaat het met alles. Ik heb m'n
866 290 1455 343 vermagerings kuur maar opgegeven.
872 323 1458 381 Dat komt allemaal vanzelf wel.
868 357 1470 421 's Nachts is het erg rustig tegenwoor-
872 395 942 438 dig.
862 402 1478 476 Na kerst krijg ik een andere school
868 459 1480 513 en de Muzieklessen + huishoud-
868 496 1218 555 lessen zijn afgelopen.
866 533 1470 593 Maandag heb ik weer naailes bij
870 567 1463 628 Uli. Ik heb zo'n Zwarte Engelse
868 601 1418 653 prachtige stof gekocht voor f18.03.
876 636 1452 696 Belachelijke prijs. Ik hoop dat de
876 671 1186 722 jurk leuk wordt.
874 683 1484 762 Af en toe ben ik erg in de put. Ik heb
866 740 1462 798 een reuze behoefte aan een vriend.
866 774 1462 839 Ik betwijfel er gauw een te treffen
866 812 1475 857 daar ik in zo'n n meisjes omgeving zit.
886 849 1460 906 Dat en de oorlog zijn de twee enige
870 884 1424 951 nare dingen hier in A'dam.
1166 938 1196 951 47
