1500 979
136 57 730 114 Anders zou het hier helemaal
132 110 553 172 denderend geweest zijn.
126 146 733 200 Op de M. School in de Boerhaevestr.
126 186 703 235 Was het op den duur ook wel
126 216 735 265 leuk. Ook Mevr. Roest was aar-
130 251 654 310 dig en heeft me veel geleerd.
140 288 727 341 Na de vacantie pen ik weer ver-
136 320 228 366 der.
87 408 200 424 6 jan 1941.
254 412 732 435 Een denderde vacantie
136 425 261 483 gehad.
138 461 719 511 In het begin wist ik niet waar
142 498 729 539 ik voor de hele vacantie onder-
134 530 734 579 dak zou moeten vinden. Alles is
136 569 691 612 echter vlot van stapel gelopen.
136 602 701 656 Vader en moeder zaten samen
138 635 733 698 en pension. Ik logeerde bij Erna
142 671 729 734 tot 2e Kerstdag. De 2e dag van m'n
138 704 733 756 vacantie had ik een denderend
134 742 743 796 feest bij hen. We gingen om 5.30 n.m.
130 774 745 837 in avondjurk naar wo 45 waar
130 811 739 866 we met z'n 21en geborreld hebben.
139 844 704 913 Erge aardige en vlotte jongens
130 882 358 936 waren erbij.
382 935 409 949 48
880 54 1419 115 Voor het eten begonnen we al
874 106 1400 153 met dansen. Lekkere borrels en
876 147 1465 195 echte Amerikaanse en Engelse
878 177 1470 222 cigaretten, met schalen vol bombay
870 215 1466 267 noten en zoute amandelen, zoutjes
880 255 1462 309 en vis broodjes. Het diner bestond
881 289 981 325 uit:
880 315 1454 377 visschotel, rode + witte wijn,
874 351 1226 410 champignon soep.
874 391 1466 450 aardappels + doperwten + appelmoes
884 423 1428 481 met fasant en dikke, vette
875 461 1086 507 echte jus.
874 469 1464 552 Een zalige roomsoezen taart toe
884 529 1474 594 (gele room) cigaretje, fruit, bonbons
876 569 945 613 etc.
874 598 1474 664 Daarna weer gehuppeld, allerlei
876 637 1390 682 variatie's en spelletjes, zoals:
866 677 1468 733 met lichtgevende speldjes daarna
874 706 1470 754 in het donker of course; cigaretten
868 740 1464 804 dans evenzo. Dit was vooral op het
860 779 1204 822 einde erg leuk!!!
866 813 1465 871 Maar, voordat we het wisten was
870 850 1464 908 het 11.30 en dus tijd om naar
866 882 1468 947 huis te gaan. 12 uur moest iedereen
1143 935 1166 948 49
