1500 978
140 57 736 136 thuis zijn. We hadden geen van ons
139 110 716 157 allen zin naar huis te gaan.
135 145 740 201 Daarom is er een afgevaardigde
131 187 735 225 voor Mevr. Everts gestuurd om
135 218 739 276 te vragen of het mogelijk was nog
135 252 749 297 tot 4 uur te blijven. (Eerder móch
137 289 712 329 ten we van de Duitsers niet op
127 318 728 380 straat.) Het was direct beklon-
135 356 742 411 ken. Pas om 5.30 uur 's mor-
127 392 711 437 gens zijn we na een tippeltje in
131 423 726 474 de maneschijn, (ieder had een
141 464 740 524 eigen vrindje opgescharreld) naar
135 493 749 545 bed gegaan. Om 10.30 uur zaten
137 529 694 593 we weer slaperig en wel aan
135 568 736 625 het ontbijt. Per slot van rekening
137 604 721 646 zijn we nog blijven koffie drinken
139 639 720 700 ook. 's Middags hebben we ge
137 674 732 719 schaatst. Er was een hevige rell
139 705 710 770 op de ijsbaan. 2 N.S.Bers in
135 737 726 803 uniform kwamen. De hele
137 776 752 817 bende stoof op ze af. Ze werden terri
129 811 754 856 ble gepest, beentje gelicht etc. O.Z.O.
133 850 718 896 geroep en Wilhelmien, zal over
131 880 756 945 winnen. Het einde van het kabaal
366 924 404 954 50
875 53 1440 117 was dat een meisje van ± 16
871 115 1445 154 jaar werd opgepakt, daar ze een
879 146 1434 202 ander meisje voor smerige
877 176 1405 222 landverraadster uitschold.
869 211 1428 267 De hele bende is van de baan
867 250 1355 299 gestuurd. Zeer voldaan!!!
867 260 1454 329 2e Kerstdag ben ik naar R'dam
867 318 1458 362 gegaan. Na de verwoesting van
869 354 1468 394 de stad was ik er niet meer geweest.
855 389 1460 450 Ik had me heel goed ingedacht,
867 421 1472 480 hoe het daar zou zijn. Het was dus
865 458 1454 498 niet nog eens een extra domper
863 490 1430 552 op m'n logeerpartij daar. Het
861 529 1458 593 grootste deel van het puin was al
855 568 1090 612 opgeruimd.
869 582 1456 647 Wim en Map waren er ook. Bijna
863 639 1464 681 aldoor moesten Wim en ik samen
865 674 1460 730 de tijd doorbrengen, waar ik niets op
871 706 1437 763 tegen had. Map was als co in
867 744 1441 785 het kinderziekenhuis, oom en
873 777 1478 834 tante waren druk door de beslom¬
865 813 1452 875 meringen van het kantoor aan
869 846 987 891 huis.
867 861 1481 945 De eerste avond ging Wim in bad.
1137 926 1171 956 51
