1500 977
137 51 731 131 Ik lag al in bed toen hij naar
139 107 734 173 z'n kamer ging. Ik trok de stoute
135 144 699 201 schoenen aan en riep hem.
145 179 742 242 We hebben heel gezellig een poosje ge-
139 214 750 280 babbeld. Toen hij weg wilde gaan vroeg
145 250 732 299 ik een nachtzoen. En daar had
141 284 676 345 je de poppen aan het dansen.
139 321 756 383 Hou jij wel van zoentjes?  En daar
131 354 710 416 ging het los. Zalig. We hebben ±
143 390 738 452 1 uur zalig liggen flirten. Verder
141 425 728 474 kreeg ik iedere avond een echte
139 470 743 521 nachtzoen. Op Oudejaarsavond
143 498 744 537 echter weer een hele zoenpartij tot
139 534 743 592 afscheid. Die avond was ook
141 566 712 611 heel gezellig. We hebben er nog
137 602 738 656 over gedacht om het op Neder-
131 637 753 693 landse tijd (1.40) te vieren, maar
141 674 746 735 dat werd ons te laat. In R'dam
140 706 735 756 ben ik nog 2x naar een concert
139 741 718 808 geweest, verder oliebollen gegeten
141 775 728 826 in een heel groot, ouderwets
145 811 719 851 oliebollen kraam op de hoek
143 847 742 900 van de Heemraadsingel enz.
135 873 746 940 De 1e kwam ik weer thuis. Ik ben
376 935 406 951 52
869 49 1461 114 toen bij de familie Citroen gaan
863 107 1433 163 logeren, waar het ook erg gezellig
861 140 1475 203 was. Voor Lex voel ik überhaupt niets
871 180 1163 241 meer gelukkig.
865 193 1457 260 Morgen begin ik weer. Ik kom
873 249 1453 299 op de school in de Niersstr.
867 283 1454 326 waar ik de 2 eerste keren niet
859 317 1479 383 de hele cursus heb geöbserveerd.
871 357 1440 410 Juffr. Cohen is daar als hoofd
863 390 1423 446 ontslagen. Nu staat mej.
875 422 1451 483 Bofers aan het hoofd. Ik kom
859 461 1439 518 bij Mej. Ten Seldam in de
863 495 1435 553 klas. (Een cursiste op Boofs'
863 529 1430 592 school geweest in mijn tijd.)
873 562 1469 617 Vandaag was ik weer in A'dam
875 599 1476 642 om de boel te regelen. Het sneeuwde
871 636 1437 697 en er was ijs. Het ideaal van
863 673 1427 731 mij, om de grachten in de
873 709 1437 760 winter te zien, met sneeuw
867 742 1466 792 en schaatsenrijders. Ik heb dat
872 777 1472 825 dan ook de hele middag gedaan.
875 808 1460 858 Daar de waterleiding bevroren is
865 846 1414 888 bij Fem, ben ik naar Erna
861 885 1414 946 getogen, waar ik een kostelijk en
1128 935 1158 951 53
