1500 980
152 43 620 137 kosteloos bad heb genoten.
134 90 719 175 In R'dam ben ik Jan Binneveld
136 143 711 196 gaan opzoeken. Een van de 5 Hollan-
139 187 685 242 ders die bij Mevr. Hodgson in
139 203 736 264 Engeland in huis waren. Jan Piet
132 247 744 299 Moes (de Andere Hollander) heeft me
137 284 736 346 vanmiddag op de Keizersgr. geholpen
127 320 648 377 m'n schaats aan te binden.
136 352 731 415 Dit de belevenissen van de kerst
139 393 717 452 vac. Ik verlang naar morgen. Hoe
139 426 661 492 zou het op die school zijn?
83 512 109 526 13.
150 465 720 550 Denderende school. Ik kwam er
141 528 738 577 niet eerder toe daarover te schrij-
151 568 744 612 ven, daar ik al aan verschillende
141 602 748 657 mensen ellenlange epistels, aan dat
142 635 674 694 onderwerp geweid, had gepend.
130 669 750 729 We hebben een ruime klas met piene
137 707 752 752 erge leuke kinderen en aardige leid-
133 746 724 803 ster. Ik heb 2 nieuwelingetjes voor
137 778 531 834 mijn rekening. Schatjes.
145 809 736 866 Verder ben ik sinds gisterenavond de
139 845 727 906 wanhoop nabij. Wat er met me is,
136 881 564 940 weet ik ook niet precies.
357 938 387 955 54
869 53 1466 122 Ik vind het verschrikkelijk dat ik
859 110 1461 172 niemand heb, die me begrijpt en
869 148 1456 197 waar ik m'n in diepste gevoelens aan
863 182 1472 231 kan vertellen. Erna snapt dit niet
851 216 1478 267 meer, daar die zo anders is. Iedere
862 257 1477 305 jongen die ik aardig vind wil ik maar
859 290 1468 336 naar me toe trekken. Toch heb ik nie-
861 329 1456 372 mand meer ontmoet die ik zo
861 359 1470 404 aanbad als Lex en als Wim op het
869 397 1474 449 ogenblik. Ik vind het verschrikkelijk
863 430 1477 480 dat ik Wim niet voor mij alleen heb.
869 468 1474 520 Nu Wally hier zo dicht bij is, durf
863 499 1457 546 ik niets meer, bang dat Wim me
859 544 1474 601 dan links laat leggen. Ik heb erg veel
863 577 1480 618 schaatsen gereden, ook een paar mid-
861 607 1465 662 dagen met hem. Op een middag
867 643 1453 697 vroeg hij toen ik op z'n kamer was, of
863 674 1458 720 ik even een overhemd voor hem
867 715 1472 755 wilde verstellen. Hij nam het als een
871 745 1472 803 vanzelf sprekend feit aan. Dan durf ik
857 783 1451 839 nooit iets terug te zeggen, en doe het
857 815 1478 874 maar. Nu net is hij bij me geweest.
859 850 1453 910 Ik heb n.l. gisterenavond toen ik in
839 885 1463 951 bed lag besloten hem op te bellen omdat
1145 943 1166 956 55
