1500 980
150 48 732 136 hemd te komen halen. Ik voelde
146 108 706 157 me zo eenzaam en verlaten en
153 145 714 188 zo boordevol en beroerd, dat ik
140 180 732 234 gewoonweg in staat was m'n bed
145 214 744 261 uit te gaan en hem op te bellen. Na-
141 249 682 311 tuurlijk heb ik dat niet gedaan.
139 287 750 328 Ik nam me voor eens flink met
138 317 753 374 hem te praten (in het donker, want
143 353 720 416 anders durfde ik in geen geval een
145 394 719 450 woord te zeggen, en had ook zo'n zin
145 425 749 479 weer eens een zoenpartij te organi-
139 461 747 506 seren) Nu was hij bij me, we hebben
141 498 744 553 heel dood gewoon over alles en nog
139 530 710 593 wat zitten bomen. Ik gaf hem z'n
141 567 746 615 eigendom terug, waar ik zelf heel erg
143 599 723 650 trots op was, daar het totaal versleten
130 641 750 700 en niet meer te dragen was geweest.
138 671 744 728 Hij vond het ook een reuze prestatie.
127 702 738 766 Ik kreeg natuurlijk een zoentje, in
137 744 734 802 plaats dat ik daar nu op in ging etc.
143 774 744 838 durfde ik niet. Nu ben ik weer net
143 812 740 871 zo ver. Ik moet m'n gevoelens op de
135 849 725 898 een of andere manier luchten, en
130 880 738 950 dat is op het ogenblik werkelijk de enig
393 941 415 954 56
877 62 1218 139 afdoende voor mij.
869 97 1456 162 Ik ga morgen naar den dokter. Ik ben
867 155 1482 201 n. l. al sinds Dec. verleden jaar, d. w. z.
873 187 1468 241 1940 ongesteld, op zo'n wijze dat het
867 221 1464 273 stinkt en zwart is. Daarna kwam
867 256 1472 312 het los en nu is het weer ondragel.
867 300 1476 351 van de stank. Ik ga toch gauw weer
863 326 1474 370 eens aan de gang met Wim. Waarom
869 364 1480 419 ik dat nu zo graag wil? Het is te bespot-
869 397 1428 442 telijk, maar de drang voel ik in me.
875 428 1386 490 Was Wally er maar niet tussen!!
869 467 1484 532 Vandaag was er opeens een heel gedoe
863 514 1472 550 in huis. Fem dacht dat de baby
867 539 1446 598 in aantocht was en alles werd
865 574 1476 630 klaar gemaakt. Ze zag er vreselijk uit.
865 608 1482 650 Per slot van rekening is ze toch nog thuis.
855 642 1470 703 Ik hoop maar dat de baby nu gauw
869 680 1404 736 komt, het is vreselijk voor haar.
877 713 1444 754 Ben benieuwd hoe de scène met
862 739 1430 814 Wim afloopt. Op hoop van zegen.
1109 943 1134 957 57
