1500 985
166 47 463 141 14 Jan 1941.
164 130 726 199 Vandaag om 10.30 uur 's mor-
154 181 709 231 gens heeft Fem een dochter
155 220 700 277 ter wereld gebracht. We hadden
155 256 722 317 allemaal op een jongen gerekend,
149 290 714 345 maar desalniettemin waren
143 322 722 383 we toch ook erg gelukkig met Ju-
144 361 719 414 dith. Het wierlupje woog ± 6 pond.
138 393 724 450 en heeft a little bit blond haar.
145 429 738 490 Fem is gezond. Alles is goed gegaan.
138 465 690 531 Ik ga zo gauw mogel. een kijkje
137 499 285 540 nemen.
145 529 735 603 Ben bij Wim geweest om het te ver-
145 568 626 623 tellen, verder niets gebeurd.
33 607 139 700 21. Jan.
150 610 729 699 Van allerlei gebeurd. Ten eerste
137 673 734 736 is er ijs geweest. Zondag ben ik thuis
136 711 714 772 geweest. Zalig om weer in je eigen
141 747 715 800 warme huis terecht te kunnen.
131 778 746 838 Allerlei akelige dingen waren er echter.
140 816 748 880 Vader had bericht gekregen van de Joodse
135 849 744 909 gemeente, dat hij 1 of 2 % (?) van inko-
141 885 736 953 men en bela kapitaal moest afstaan
398 943 424 955 58
869 57 1453 129 buiten de gewone belastingen om.
867 109 1479 174 D.w.z. dat we als het doorgaat en waar
869 152 1465 215 is, niets meer overhouden om van
866 184 1477 235 te leven ±. Ik zou dan dus naar H'sum
871 222 1463 286 terug moeten. 's Avonds kwam Wim
857 258 1459 299 me van de trein afhalen. Om 8.45
859 292 1461 362 uur was ik thuis te voet vertrokken en
864 332 1455 378 om 11.30 uur kwam ik in huis
863 364 1463 426 Pr. gr. te voet aan. Het was glibberig
863 401 1472 450 en sneeuwachtig. Ik wilde naar
867 437 1437 491 binnen gaan, maar die uil van
861 472 1453 519 een Frits had de deur van bin-
854 505 1467 567 nen ook afgesloten. ± 1 kwartier ge-
853 539 1469 592 beld. Wim bood al aan, dat ik bij
869 573 1453 628 hem kwam slapen. (ik wilde dat
863 609 1467 658 Frits vertikte de deur open te doen, daar-
859 645 1474 704 om alleen al.) Tenslotte kon ik toch bin-
855 682 1457 730 men komen. Ik schold hem vreselijk
859 718 1448 782 uit, en Wim mocht niet bin-
855 751 1468 809 nen komen. Ik moest echter nog
863 790 1453 853 onder 4 ogen over dat nare nieuws
869 820 1458 881 van die belasting spreken. Dus zei ik:
871 857 1443 913 Wim ga mee, wat hij heel gedwee
863 893 1434 955 deed. Frits spinnijdig, evenals ik.
1415 935 1435 948 wij.
1130 950 1152 963 59
