1500 985
130 46 718 124 In m'n kamer vertelde ik het, en
147 110 752 173 opeens snikte ik het uit. Ik vond
138 147 738 210 het zo zalig eindelijk al m'n opgekropte
135 181 732 234 gevoelens eens bij hem uit te kun-
135 216 609 280 nen huilen. Schattig was hij.
149 252 744 313 De volgende dag kreeg ik van Frits onge-
142 285 737 351 looflijk op m'n kop. Op zo'n manier
137 319 748 386 wilde hij me niet meer in huis heb-
129 357 744 412 ben etc. Ik had hem toen meteen moe-
142 393 742 443 ten vertellen, dat ik allerminst tevre-
133 424 718 473 den was met de behandeling in het
131 462 728 515 algemeen. Sinds ± 2 weken hadden ze
130 496 686 558 niets aan m'n kamer gedaan.
133 533 729 599 Ik betaal hier n.b. 8.f70 en doe op 1x
135 574 712 629 in de week na m'n eigen kamer +
140 602 725 663 was af. Bespottelijk. Ik ga het hem
141 636 728 699 toch eens zeggen. Er is nu natuurlijk
133 672 740 737 haat en nijd. Het is dan ook geen ma-
127 708 731 767 nier! Ik had ook wel m'n mond
141 744 705 794 kunnen houden, maar door al
135 779 709 842 die dingen werd ik zo spinnijdig,
129 812 520 873 dat het vanzelf ging.
129 825 740 911 Met Fem ging het niet zo goed. Ze had
119 882 749 957 steeds verhoging en de baby heeft flinke
397 939 421 953 60
867 67 1461 130 geelzucht, maar dat is niet zo erg.
867 114 1469 176 Vandaag was ze voor het eerst weer wat
867 150 958 202 beter.
778 196 859 274 4 Febr.
986 190 1176 241 I Febr. 1941.
896 203 1481 279 Vader is door de Duitsers opgepakt
875 256 1480 320 met nog ± 60 anderen, waaronder
865 295 1485 356 10 doctoren. Citroen, Jansma, Nicolai
854 332 1471 388 Schepel, Ditshuysen; Rutgers (H.B.S.)
859 360 1381 421 Bakker (loco burgemeester) etc.
866 398 1483 462 We zijn bij de overval en de huiszoe-
867 431 1477 496 king schandalig behandeld. Ze had-
863 467 1453 525 den vader in de tuin gezet met
862 504 1475 563 2 wachten. Vader moest z'n sleutels
863 536 1463 604 afgeven. Ze gaven hem nog een slag
859 575 1463 641 in z'n gezicht en zeiden, dat hij op
867 610 1406 657 de vlucht trachtte te slaan?
869 647 1479 703 Ondertussen hebben ze moeder de doods-
865 682 1444 737 schrik bezorgd. Ze waren vreselijk
866 716 1447 781 onbeschoft en vroegen moeder of ze
863 749 1457 817 Arische was. Uw man is leider
853 787 1479 842 ein Jude? Moeder antwoordde heel
861 821 1471 885 ad rem: Leider, leider. God zei dank
859 860 1468 922 ist er ein Jude, und kein Deutscher.
858 889 1431 961 Die vent een Gestapoknul, dreigde
1177 951 1200 965 61
