1500 985
158 92 723 117 haar ook mee te nemen. Ze
160 109 740 173 hebben niets verbodens in huis
138 144 706 202 gevonden gelukkig. Vader werd
143 183 750 241 als een beest behandeld en mocht
135 222 738 277 niets mee nemen, alleen hetgeen
134 258 742 313 hij aanhad. Er waren in het geheel
135 291 728 356 ± 6 - 8 mensen door het huis
137 322 746 371 gegaan. Ze waren met een overval
141 357 738 421 wagen gekomen. Bij ons is het het
131 389 749 453 schandaligste toegegaan. Vanavond
136 425 748 476 was Lex Citroen bij me, die vertelde
139 461 749 529 dat zij een brief van hun vader had-
123 497 737 550 den. Ze mochten alleen maar 3 kle-
129 537 740 593 dingstukken sturen en 1 x in de 2 we-
137 568 734 618 ken schrijven. Dr. Citroen zit met
133 605 732 667 nog 2 anderen samen in de straf
129 640 724 696 gevangenis in A'dam. Ben be-
121 674 746 732 nieuwd of er al bericht van vader
139 728 172 742 is.
122 755 744 842 Lex deed erg branieachtig en pro-
131 815 741 865 beerde op allerlei manieren aan
126 848 737 916 het flirten te komen. (wat hem god-
132 883 567 951 zijdank niet gelukt is.)
365 942 384 958 62
856 59 1479 139 Zaterdagmiddag, voor die hele scène
863 119 1479 175 was ik met moeder bij een genoco
854 157 1451 210 loog. Hij ontdekte, dat ik weer zo'n
853 190 1467 242 gezwel had in m'n buik, nu links.
843 212 1458 290 Benieuwd of het geöpereerd moet
853 258 985 316 worden.
871 272 1437 359 Gisterenavond waren Loert en
856 323 1473 376 Wim bij me. Ze wilden om 10.30
869 365 1461 429 uur weggaan. Gelukkig begreep Wim
851 401 1471 450 uit m'n wenk dat hij moest blij-
860 440 1450 497 ven. Vanwege de opwinding en de
869 469 1467 517 pijn in m'n buik (zie boven) was
865 504 1443 566 ik naar bed gegaan; ik dacht dat
858 541 1435 595 Wim alleen maar kwam. Wim
861 575 1471 625 was schattig. Ik vroeg hem het licht
861 611 1451 659 uit te doen, daar ik hem wilde uit-
851 644 1465 712 leggen, dat er een oorzaak was voor
854 681 1449 734 m'n zoenpartijen etc. Ik durfde na-
857 716 1456 772 tuurlijk er weer niet over te begin-
853 753 1445 809 nen. Hij begon direct en hielp me
859 785 1460 843 zodoende. Ik was blij toen ik het gedrag
863 823 1452 867 verklaard had. Hij had het al gesnapt
863 860 1453 915 en had ook zo'n tijd gehad. Dat ging
861 892 1445 953 wel over. Ik vroeg of hij zich ging ver-
1132 944 1154 960 63
