<?xml version="1.0" encoding="UTF-8" standalone="yes"?>
<PcGts xmlns="http://schema.primaresearch.org/PAGE/gts/pagecontent/2013-07-15" xmlns:xsi="http://www.w3.org/2001/XMLSchema-instance" xsi:schemaLocation="http://schema.primaresearch.org/PAGE/gts/pagecontent/2013-07-15 http://schema.primaresearch.org/PAGE/gts/pagecontent/2013-07-15/pagecontent.xsd">
    <Metadata>
        <Creator>prov=READ-COOP:name=TrHtr:version=2.1.0:model_id=51170:date=04_08_2023_18:57</Creator>
        <Created>2023-07-28T17:14:37.122+02:00</Created>
        <LastChange>2024-04-10T20:46:26.600+02:00</LastChange>
        <TranskribusMetadata docId="1515126" pageId="58235986" pageNr="3" tsid="157883860" status="DONE" userId="145668" imgUrl="https://files.transkribus.eu/Get?id=BSTFEAEHNBOKYOUBGKEARGMG&amp;fileType=view" xmlUrl="https://files.transkribus.eu/Get?id=PWJNPMECYLIXXNURXFUFCRUF" imageId="47162901"/>
    </Metadata>
    <Page imageFilename="0003_urn-gvn-EVDO01-IIAV002_IAV001000031-large_03.jpeg" imageWidth="1500" imageHeight="1221">
        <ReadingOrder>
            <OrderedGroup id="ro_1712890443721" caption="Regions reading order">
                <RegionRefIndexed index="0" regionRef="r"/>
                <RegionRefIndexed index="1" regionRef="r_5"/>
                <RegionRefIndexed index="2" regionRef="r_10"/>
                <RegionRefIndexed index="3" regionRef="r_20"/>
                <RegionRefIndexed index="4" regionRef="r_15"/>
                <RegionRefIndexed index="5" regionRef="r_41"/>
            </OrderedGroup>
        </ReadingOrder>
        <Relations/>
        <TextRegion id="r" custom="readingOrder {index:0;} structure {type:heading;}">
            <Coords points="1019,80 796,80 796,42 1019,42"/>
            <TextLine id="r_tl_1" custom="readingOrder {index:0;}">
                <Coords points="787,72 833,82 904,82 916,70 929,69 969,82 986,69 1004,74 1004,40 958,52 950,45 934,50 919,43 910,49 898,44 859,49 842,41 829,54 800,48 787,53"/>
                <Baseline points="792,64 822,66 852,64 882,66 912,64 942,64 972,64 1002,66 1006,66"/>
                <TextEquiv>
                    <Unicode>Waarom ik dit boek schrijf</Unicode>
                </TextEquiv>
            </TextLine>
            <TextEquiv>
                <Unicode></Unicode>
            </TextEquiv>
        </TextRegion>
        <TextRegion id="r_5" custom="readingOrder {index:1;} structure {type:paragraph;}">
            <Coords points="1124,382 775,382 775,92 1124,92"/>
            <TextLine id="r_5_tl_1" custom="readingOrder {index:0;}">
                <Coords points="783,120 1018,106 1028,115 1045,107 1079,115 1080,91 959,85 929,69 883,93 856,93 820,75 784,88"/>
                <Baseline points="788,112 812,112 842,108 872,108 902,108 932,106 962,106 992,106 1022,104 1052,104 1082,104"/>
                <TextEquiv>
                    <Unicode>Het valt niet te ontkennen en het moet mij</Unicode>
                </TextEquiv>
            </TextLine>
            <TextLine id="r_5_tl_2" custom="readingOrder {index:1;}">
                <Coords points="787,136 815,143 824,135 873,141 895,132 916,139 972,130 1000,136 1008,128 1047,134 1092,126 1092,110 940,116 927,109 899,117 883,109 865,118 819,112 788,120"/>
                <Baseline points="792,132 794,132 824,132 854,130 884,128 914,130 944,128 974,126 1004,124 1034,124 1064,124 1094,124"/>
                <TextEquiv>
                    <Unicode>node van het hart, dat de liefde een zaak is,</Unicode>
                </TextEquiv>
            </TextLine>
            <TextLine id="r_5_tl_3" custom="readingOrder {index:2;}">
                <Coords points="783,158 835,163 881,152 914,162 939,154 947,162 984,150 1030,156 1070,144 1070,127 1008,129 993,137 947,129 924,140 895,132 876,142 784,136"/>
                <Baseline points="788,154 802,154 832,152 862,152 892,150 922,150 952,148 982,146 1012,144 1042,144 1072,142"/>
                <TextEquiv>
                    <Unicode>die wel een zeer belangrijke, zo niet de grootste</Unicode>
                </TextEquiv>
            </TextLine>
            <TextLine id="r_5_tl_4" custom="readingOrder {index:3;}">
                <Coords points="789,181 1063,171 1064,148 1009,157 984,151 947,162 881,152 826,155 811,165 790,157"/>
                <Baseline points="794,176 796,174 826,172 856,172 886,170 916,170 946,168 976,168 1006,166 1036,164 1066,164"/>
                <TextEquiv>
                    <Unicode>plaats bekleedt in ons simpel vrouwenleven!</Unicode>
                </TextEquiv>
            </TextLine>
            <TextLine id="r_5_tl_5" custom="readingOrder {index:4;}">
                <Coords points="783,202 843,202 860,211 868,203 895,206 906,196 920,205 954,197 970,205 983,195 1078,189 1056,168 1019,180 993,170 968,182 948,172 937,181 909,173 823,187 808,177 784,182"/>
                <Baseline points="788,198 810,196 840,198 870,196 900,194 930,192 960,192 990,190 1020,190 1050,188 1080,188"/>
                <TextEquiv>
                    <Unicode>Ik zou zo graag het tegenovergestelde willen</Unicode>
                </TextEquiv>
            </TextLine>
            <TextLine id="r_5_tl_6" custom="readingOrder {index:5;}">
                <Coords points="782,224 960,221 971,212 981,222 1018,212 1041,219 1052,210 1088,211 1089,193 1067,198 1049,190 1009,201 997,193 970,204 948,196 929,206 905,198 861,210 783,201"/>
                <Baseline points="788,216 790,218 820,216 850,216 880,214 910,214 940,212 970,210 1000,210 1030,208 1060,206 1090,206"/>
                <TextEquiv>
                    <Unicode>beweren en mij met verhitte kleur over kaarten</Unicode>
                </TextEquiv>
            </TextLine>
            <TextLine id="r_5_tl_7" custom="readingOrder {index:6;}">
                <Coords points="779,253 799,240 872,240 891,250 920,237 929,245 1094,232 1094,218 1067,209 979,223 780,223"/>
                <Baseline points="784,238 796,238 826,236 856,234 886,236 916,234 946,234 976,232 1006,230 1036,228 1066,226 1096,226"/>
                <TextEquiv>
                    <Unicode>gebogen zien om het verloop van de oorlog met strate-</Unicode>
                </TextEquiv>
            </TextLine>
            <TextLine id="r_5_tl_8" custom="readingOrder {index:7;}">
                <Coords points="783,268 828,263 851,273 893,259 908,267 917,258 931,267 976,258 1049,265 1077,258 1078,235 991,235 960,244 904,239 891,250 872,240 799,241 783,250"/>
                <Baseline points="788,258 808,258 838,258 868,256 898,256 928,254 958,254 988,252 1018,252 1048,252 1078,250"/>
                <TextEquiv>
                    <Unicode>gisch inzicht in potloodlijnen te volgen, doch</Unicode>
                </TextEquiv>
            </TextLine>
            <TextLine id="r_5_tl_9" custom="readingOrder {index:8;}">
                <Coords points="787,290 1024,285 1044,273 1086,288 1088,253 1047,266 976,257 962,268 932,269 917,258 907,268 893,259 852,273 827,263 788,268"/>
                <Baseline points="792,282 818,282 848,282 878,278 908,278 938,278 968,278 998,278 1028,274 1058,272 1088,272"/>
                <TextEquiv>
                    <Unicode>slechts een noodlottige zwenk in mijn onge-</Unicode>
                </TextEquiv>
            </TextLine>
            <TextLine id="r_5_tl_10" custom="readingOrder {index:9;}">
                <Coords points="782,306 812,313 864,305 873,316 889,304 928,304 938,313 972,301 1009,306 1018,297 1078,305 1078,284 1064,286 1046,273 1018,286 998,280 947,282 934,291 883,283 865,294 822,286 783,292"/>
                <Baseline points="788,302 810,302 840,302 870,300 900,300 930,300 960,298 990,296 1020,296 1050,294 1080,294"/>
                <TextEquiv>
                    <Unicode>compliceerde gedachten, die mij in vliegende</Unicode>
                </TextEquiv>
            </TextLine>
            <TextLine id="r_5_tl_11" custom="readingOrder {index:10;}">
                <Coords points="783,328 864,332 904,323 932,330 980,322 995,330 1016,318 1058,326 1058,307 1043,298 1026,304 1019,297 1009,306 971,301 935,313 922,304 911,310 888,304 874,315 858,306 836,313 821,305 811,313 784,305"/>
                <Baseline points="788,324 790,324 820,324 850,322 880,322 910,320 940,320 970,318 1000,316 1030,314 1060,316"/>
                <TextEquiv>
                    <Unicode>vaart naar de terreinen der liefde voert,</Unicode>
                </TextEquiv>
            </TextLine>
            <TextLine id="r_5_tl_12" custom="readingOrder {index:11;}">
                <Coords points="783,351 850,358 896,345 918,355 956,343 1082,342 1103,350 1104,329 1083,313 1067,325 1016,319 996,329 980,322 914,331 889,322 850,335 784,329"/>
                <Baseline points="788,346 806,346 836,344 866,342 896,342 926,340 956,340 986,338 1016,336 1046,336 1076,336 1106,336"/>
                <TextEquiv>
                    <Unicode>doet mij deze bezigheden terstond terzijde schuiven,</Unicode>
                </TextEquiv>
            </TextLine>
            <TextLine id="r_5_tl_13" custom="readingOrder {index:12;}">
                <Coords points="782,386 804,377 857,386 911,369 932,379 964,370 975,380 1040,379 1051,370 1109,390 1110,340 929,346 918,355 903,345 868,356 783,351"/>
                <Baseline points="788,370 812,368 842,366 872,366 902,364 932,364 962,364 992,362 1022,362 1052,362 1082,362 1112,360"/>
                <TextEquiv>
                    <Unicode>als draaide ik mijzelf reeds lang een rad voor het oog.</Unicode>
                </TextEquiv>
            </TextLine>
            <TextEquiv>
                <Unicode></Unicode>
            </TextEquiv>
        </TextRegion>
        <TextRegion id="r_10" custom="readingOrder {index:2;} structure {type:paragraph;}">
            <Coords points="1130,564 775,564 775,385 1125,385"/>
            <TextLine id="r_5_tl_14" custom="readingOrder {index:0;}">
                <Coords points="781,408 843,407 874,417 927,402 939,411 955,402 1016,405 1036,397 1062,409 1085,402 1086,375 1064,378 1055,369 1033,385 1024,376 1006,382 948,370 933,385 915,372 874,377 862,388 839,378 825,389 810,377 782,386"/>
                <Baseline points="786,406 788,404 818,402 848,400 878,400 908,398 938,396 968,396 998,394 1028,394 1058,394 1088,396"/>
                <TextEquiv>
                    <Unicode>Ach wij vrouwen! Hoe jubelt onze pen onder</Unicode>
                </TextEquiv>
            </TextLine>
            <TextLine id="r_10_tl_1" custom="readingOrder {index:1;}">
                <Coords points="779,434 895,438 991,427 1003,434 1072,422 1089,433 1090,401 1060,409 1034,397 975,411 962,401 942,411 928,402 874,417 853,408 780,408"/>
                <Baseline points="784,430 792,430 822,428 852,426 882,426 912,424 942,422 972,422 1002,420 1032,418 1062,418 1092,418"/>
                <TextEquiv>
                    <Unicode>het beschrijven der eindeloze mogelijkheden der</Unicode>
                </TextEquiv>
            </TextLine>
            <TextLine id="r_10_tl_2" custom="readingOrder {index:2;}">
                <Coords points="775,454 809,468 818,459 839,468 849,458 942,460 960,451 976,462 991,450 1082,450 1083,428 1002,434 995,427 986,435 915,439 845,434 835,442 775,432"/>
                <Baseline points="780,452 784,452 814,452 844,452 874,450 904,450 934,448 964,446 994,446 1024,444 1054,442 1084,442"/>
                <TextEquiv>
                    <Unicode>liefde! Was daar niet onze zo zeer door</Unicode>
                </TextEquiv>
            </TextLine>
            <TextLine id="r_10_tl_3" custom="readingOrder {index:3;}">
                <Coords points="779,480 809,487 842,480 856,490 901,478 1088,478 1090,444 1047,454 999,449 983,462 933,464 916,452 903,462 850,458 839,468 823,459 805,468 780,461"/>
                <Baseline points="784,476 790,478 820,478 850,478 880,474 910,474 940,472 970,470 1000,470 1030,468 1060,468 1090,468"/>
                <TextEquiv>
                    <Unicode>mannen gewaardeerde vrouwelijke schroom,</Unicode>
                </TextEquiv>
            </TextLine>
            <TextLine id="r_10_tl_4" custom="readingOrder {index:4;}">
                <Coords points="779,513 842,503 904,511 977,503 991,512 1029,497 1086,498 1087,477 1021,472 996,487 944,475 885,489 863,482 847,493 827,482 780,481"/>
                <Baseline points="784,502 788,502 818,502 848,502 878,500 908,498 938,498 968,496 998,496 1028,494 1058,494 1088,492"/>
                <TextEquiv>
                    <Unicode>hoe zou door vrouwenhand geschreven, de</Unicode>
                </TextEquiv>
            </TextLine>
            <TextLine id="r_10_tl_5" custom="readingOrder {index:5;}">
                <Coords points="776,537 826,531 839,541 865,531 878,540 896,529 907,538 930,529 949,538 960,528 1031,523 1064,532 1074,522 1094,530 1095,498 1038,497 990,513 975,503 929,512 885,506 873,516 842,503 777,516"/>
                <Baseline points="782,528 796,528 826,526 856,526 886,524 916,524 946,522 976,520 1006,518 1036,516 1066,516 1096,518"/>
                <TextEquiv>
                    <Unicode>meest gewaagde pornografie de wereld op</Unicode>
                </TextEquiv>
            </TextLine>
            <TextLine id="r_10_tl_6" custom="readingOrder {index:6;}">
                <Coords points="773,557 806,571 828,557 864,567 892,553 932,553 941,561 950,554 999,553 1010,562 1032,554 1033,526 974,526 949,538 922,529 907,538 897,528 885,540 864,531 848,540 825,531 811,541 774,534"/>
                <Baseline points="778,554 794,554 824,552 854,550 884,550 914,548 944,548 974,546 1004,544 1034,548"/>
                <TextEquiv>
                    <Unicode>haar grondvesten doen schudden!</Unicode>
                </TextEquiv>
            </TextLine>
            <TextEquiv>
                <Unicode></Unicode>
            </TextEquiv>
        </TextRegion>
        <TextRegion id="r_20" custom="readingOrder {index:3;} structure {type:visual;}">
            <Coords points="1432,528 1406,602 1388,665 1362,710 1330,720 1303,738 1288,755 1247,762 1148,763 1134,736 1124,702 1105,675 1100,610 1102,506 1094,436 1089,252 1077,170 1084,76 1089,24 1427,19"/>
            <TextEquiv>
                <Unicode></Unicode>
            </TextEquiv>
        </TextRegion>
        <TextRegion id="r_15" custom="readingOrder {index:4;} structure {type:caption;}">
            <Coords points="1439,770 1296,770 1296,727 1439,728"/>
            <TextLine id="l" custom="readingOrder {index:0;}">
                <Coords points="1298,743 1313,744 1320,743 1329,743 1337,743 1356,743 1363,742 1401,743 1401,728 1362,727 1355,728 1337,728 1328,728 1319,728 1313,729 1299,728"/>
                <Baseline points="1298,743 1313,744 1320,743 1329,743 1337,743 1356,743 1363,742 1401,743"/>
                <TextEquiv>
                    <Unicode>Vue de mon bureau</Unicode>
                </TextEquiv>
            </TextLine>
            <TextLine id="l_772" custom="readingOrder {index:1;} date {offset:0; length:9;when:augustus\u00201944;}">
                <Coords points="1369,757 1393,757 1418,756 1418,741 1392,742 1369,742"/>
                <Baseline points="1369,757 1393,757 1418,756"/>
                <TextEquiv>
                    <Unicode>Aug. 1944</Unicode>
                </TextEquiv>
            </TextLine>
            <TextEquiv>
                <Unicode></Unicode>
            </TextEquiv>
        </TextRegion>
        <TextRegion id="r_41" custom="readingOrder {index:5;} structure {type:paragraph;}">
            <Coords points="1481,783 1478,1158 767,1167 767,571 1128,566 1166,783"/>
            <TextLine id="r_41_tl_1" custom="readingOrder {index:0;}">
                <Coords points="779,592 854,592 884,588 914,588 944,586 974,586 1004,584 1034,582 1064,584 1094,582 1124,580 1123,565 1093,567 1064,569 1034,567 1003,569 974,571 944,571 914,573 883,573 853,577 779,577"/>
                <Baseline points="779,592 854,592 884,588 914,588 944,586 974,586 1004,584 1034,582 1064,584 1094,582 1124,580"/>
                <TextEquiv>
                    <Unicode>Hoe geruststellend voor den fijnbesnaarden lezer, dat</Unicode>
                </TextEquiv>
            </TextLine>
            <TextLine id="r_41_tl_2" custom="readingOrder {index:1;}">
                <Coords points="811,616 856,614 886,612 916,612 946,608 976,606 1006,604 1036,604 1048,604 1048,589 1036,589 1006,589 975,591 945,593 915,597 886,597 855,599 810,601"/>
                <Baseline points="769,605 806,603 842,602 810,616 868,613 928,611 978,607 1013,606 1048,604"/>
                <TextEquiv>
                    <Unicode>bij uitzondering míjn pen zo beheerst, míjn boek zo</Unicode>
                </TextEquiv>
            </TextLine>
            <TextLine id="r_41_tl_3" custom="readingOrder {index:2;}">
                <Coords points="771,645 902,646 936,635 955,643 965,634 977,645 1020,633 1070,639 1091,628 1106,635 1108,598 1054,604 1037,616 1022,605 889,626 882,617 772,620"/>
                <Baseline points="776,638 778,638 808,638 838,638 868,636 898,636 928,632 958,630 988,628 1018,626 1048,626 1078,624 1108,622"/>
                <TextEquiv>
                    <Unicode>subtiel geschreven is! Ach ja en hoe opgelucht</Unicode>
                </TextEquiv>
            </TextLine>
            <TextLine id="r_41_tl_4" custom="readingOrder {index:3;}">
                <Coords points="780,668 805,675 852,661 884,673 900,661 918,668 973,657 982,666 996,654 1044,659 1052,651 1092,662 1103,658 1104,635 1091,628 1054,642 1020,633 979,644 964,634 954,644 781,645"/>
                <Baseline points="786,664 806,662 836,660 866,658 896,656 926,654 956,654 986,652 1016,650 1046,650 1076,650 1106,648"/>
                <TextEquiv>
                    <Unicode>moet het hart des lezers zijn wiens rood-</Unicode>
                </TextEquiv>
            </TextLine>
            <TextLine id="r_41_tl_5" custom="readingOrder {index:4;}">
                <Coords points="783,694 1076,681 1077,657 1058,655 1041,667 1013,657 981,666 969,657 936,667 900,660 884,673 846,661 799,678 784,671"/>
                <Baseline points="788,688 808,688 838,686 868,684 898,684 928,682 958,680 988,678 1018,678 1048,676 1078,676"/>
                <TextEquiv>
                    <Unicode>roodgevlekte blos de pijnlijke ernst der</Unicode>
                </TextEquiv>
            </TextLine>
            <TextLine id="r_41_tl_6" custom="readingOrder {index:5;}">
                <Coords points="778,723 810,725 829,710 855,719 949,704 964,716 1118,707 1129,694 1084,677 993,682 967,696 956,688 906,695 894,685 804,700 779,694"/>
                <Baseline points="784,712 796,710 826,710 856,708 886,708 918,709 918,709 948,704 978,704 1008,702 1038,700 1068,700 1098,700 1128,700 1130,700"/>
                <TextEquiv>
                    <Unicode>dingen demonstreert en bij een verlossende</Unicode>
                </TextEquiv>
            </TextLine>
            <TextLine id="l_1723" custom="readingOrder {index:6;} blackening {offset:18; length:10;} textStyle {offset:18; length:10;strikethrough:true;} blackening {offset:58; length:1;} textStyle {offset:58; length:1;strikethrough:true;}">
                <Coords points="787,737 814,736 831,736 852,736 870,735 890,735 909,734 935,733 964,732 897,722 921,721 950,720 974,731 1002,732 1014,731 1042,729 1060,729 1081,726 1105,728 1126,732 1132,703 1109,698 1080,696 1058,699 1041,699 1012,701 1001,702 981,702 956,691 920,691 849,721 907,729 934,703 907,704 889,705 870,705 851,706 830,706 813,706 786,707"/>
                <Baseline points="787,737 814,736 831,736 852,736 870,735 890,735 909,734 935,733 964,732 897,722 921,721 950,720 974,731 1002,732 1014,731 1042,729 1060,729 1081,726 1105,728 1126,732"/>
                <TextEquiv>
                    <Unicode>geestigheid, zich plotseling geleidelijk weer voelt verbleeken!</Unicode>
                </TextEquiv>
            </TextLine>
            <TextLine id="r_41_tl_9" custom="readingOrder {index:7;}">
                <Coords points="779,768 1051,765 1067,755 1086,766 1128,765 1129,738 1007,736 986,745 956,735 912,749 894,738 880,749 870,742 828,754 780,741"/>
                <Baseline points="784,760 800,760 830,760 860,758 890,758 920,756 950,754 980,754 1010,752 1040,752 1070,752 1100,752 1130,752"/>
                <TextEquiv>
                    <Unicode>Ik weet zo goed, mijn lieve lezers, (door mij zo zorgvuldig</Unicode>
                </TextEquiv>
            </TextLine>
            <TextLine id="r_41_tl_10" custom="readingOrder {index:8;}">
                <Coords points="781,787 805,794 826,785 840,797 854,785 961,787 978,776 1086,784 1100,774 1135,779 1136,767 1059,757 1041,768 985,759 809,772 781,765"/>
                <Baseline points="786,782 806,780 836,780 866,778 896,778 926,776 956,776 986,774 1016,776 1046,774 1076,774 1106,772 1136,774"/>
                <TextEquiv>
                    <Unicode>uitgezocht,) dat geen van u in 't lezen van dit boek zo'n</Unicode>
                </TextEquiv>
            </TextLine>
            <TextLine id="r_41_tl_11" custom="readingOrder {index:9;}">
                <Coords points="781,805 859,818 886,803 901,812 1022,797 1038,808 1093,796 1146,802 1147,775 1043,779 1025,790 980,776 965,788 854,785 840,796 822,785 805,794 781,786"/>
                <Baseline points="786,804 788,802 818,802 848,804 878,802 908,800 938,798 968,798 998,798 1028,796 1058,796 1088,794 1118,794 1148,796"/>
                <TextEquiv>
                    <Unicode>groot genoegen schept, als de schrijfster dit zelf in 't schrijven</Unicode>
                </TextEquiv>
            </TextLine>
            <TextLine id="r_41_tl_12" custom="readingOrder {index:10;}">
                <Coords points="774,826 1445,818 1452,781 1414,797 775,806"/>
                <Baseline points="780,822 792,820 822,822 852,822 882,818 912,818 942,818 972,818 1002,816 1032,816 1062,812 1092,812 1122,810 1152,812 1182,812 1212,812 1243,812 1273,812 1303,810 1333,808 1363,808 1393,808 1423,808 1453,810"/>
                <TextEquiv>
                    <Unicode>heeft gedaan. Ik mag slechts wensen, dat de werktuigen van uw beroep door eenzelfde onweer-</Unicode>
                </TextEquiv>
            </TextLine>
            <TextLine id="r_41_tl_13" custom="readingOrder {index:11;}">
                <Coords points="783,843 1220,844 1422,834 1423,817 783,826"/>
                <Baseline points="788,842 792,842 822,840 852,840 882,838 912,838 942,836 972,836 1002,836 1032,834 1062,834 1092,830 1122,830 1152,830 1182,830 1212,832 1243,830 1273,832 1303,830 1333,830 1363,828 1393,828 1423,830"/>
                <TextEquiv>
                    <Unicode>staanbare drijfveer worden gevoerd. Hoe welbesteed bijvoorbeeld zou het leven van een</Unicode>
                </TextEquiv>
            </TextLine>
            <TextLine id="r_41_tl_15" custom="readingOrder {index:12;}">
                <Coords points="790,860 820,860 850,860 880,858 910,856 940,856 970,856 1000,856 1030,854 1060,852 1090,850 1120,850 1150,850 1180,850 1210,850 1294,854 1355,851 1448,852 1448,839 1355,838 1294,841 1210,837 1180,837 1150,837 1120,837 1090,837 1059,839 1029,841 1000,843 970,843 940,843 910,843 879,845 850,847 820,847 790,847"/>
                <Baseline points="790,860 820,860 850,860 880,858 910,856 940,856 970,856 1000,856 1030,854 1060,852 1090,850 1120,850 1150,850 1180,850 1210,850 1294,854 1355,851 1448,852"/>
                <TextEquiv>
                    <Unicode>metselaar zijn, die bij het vallen van de duisternis slechts node van zijn steiger daalt en met een</Unicode>
                </TextEquiv>
            </TextLine>
            <TextLine id="r_41_tl_17" custom="readingOrder {index:13;}">
                <Coords points="784,884 792,884 822,882 852,880 882,880 912,878 942,878 972,878 1002,876 1032,874 1062,874 1092,872 1122,870 1152,870 1297,870 1316,862 1353,862 1383,869 1426,871 1427,858 1385,857 1354,850 1314,850 1295,858 1152,857 1122,857 1091,859 1062,861 1032,861 1001,863 972,865 942,865 912,865 882,867 852,867 821,869 792,871 784,871"/>
                <Baseline points="784,884 792,884 822,882 852,880 882,880 912,878 942,878 972,878 1002,876 1032,874 1062,874 1092,872 1122,870 1152,870 1297,870 1316,862 1353,862 1383,869 1426,871"/>
                <TextEquiv>
                    <Unicode>laatste blik op zijn reeds voltooide muur zich vol heimwee huiswaarts sleept, om bij</Unicode>
                </TextEquiv>
            </TextLine>
            <TextLine id="r_41_tl_18" custom="readingOrder {index:14;}">
                <Coords points="785,912 1408,903 1457,898 1458,860 1412,879 785,887"/>
                <Baseline points="790,906 798,904 828,902 858,902 888,900 918,900 948,900 978,898 1008,898 1038,896 1068,894 1098,894 1128,894 1158,894 1188,894 1218,894 1249,890 1279,890 1309,890 1339,890 1369,888 1399,890 1429,890 1459,892"/>
                <TextEquiv>
                    <Unicode>het krieken van de dag weer gretig 't schootsvel voor te binden. Ik stel mij het scheefgehouden</Unicode>
                </TextEquiv>
            </TextLine>
            <TextLine id="r_41_tl_19" custom="readingOrder {index:15;}">
                <Coords points="783,930 1396,923 1449,915 1449,894 784,915"/>
                <Baseline points="788,924 790,926 820,926 850,924 880,922 910,922 940,922 970,922 1000,920 1030,920 1060,918 1090,916 1120,914 1150,916 1180,916 1210,914 1241,912 1271,912 1301,912 1331,910 1361,910 1391,912 1421,910 1451,912"/>
                <TextEquiv>
                    <Unicode>hoofd van mijn voldanen bakker voor, dat met begrijpelijke trots het op armslengte van zich</Unicode>
                </TextEquiv>
            </TextLine>
            <TextLine id="r_41_tl_20" custom="readingOrder {index:16;} atm_food {offset:20; length:6;}">
                <Coords points="788,948 802,948 832,946 862,946 892,944 922,942 952,942 982,940 1012,940 1042,938 1072,938 1102,936 1132,936 1162,936 1192,934 1223,934 1253,934 1283,934 1313,932 1343,932 1373,934 1403,934 1433,934 1473,935 1473,920 1433,919 1403,919 1373,919 1343,917 1313,917 1283,919 1253,919 1223,919 1192,919 1162,921 1132,921 1102,921 1072,923 1042,923 1012,925 982,925 952,927 922,927 891,929 862,931 832,931 802,933 788,933"/>
                <Baseline points="788,948 802,948 832,946 862,946 892,944 922,942 952,942 982,940 1012,940 1042,938 1072,938 1102,936 1132,936 1162,936 1192,934 1223,934 1253,934 1283,934 1313,932 1343,932 1373,934 1403,934 1433,934 1473,935"/>
                <TextEquiv>
                    <Unicode>afgehouden goudgele brood zo hartstochtelijk bewondert. En de naaistertjes wier liefkozende vingers</Unicode>
                </TextEquiv>
            </TextLine>
            <TextLine id="r_41_tl_21" custom="readingOrder {index:17;}">
                <Coords points="787,972 1444,966 1459,939 788,953"/>
                <Baseline points="792,970 822,968 852,966 882,966 912,964 942,962 972,962 1002,960 1032,958 1062,958 1092,958 1122,956 1152,956 1182,954 1212,954 1243,956 1268,953 1287,954 1303,954 1333,952 1363,952 1393,952 1423,952 1453,952 1461,954"/>
                <TextEquiv>
                    <Unicode>over het satijn van het bruidskleed glijden, zonder de behoefte te gevoelen, zichzelf er in getooid</Unicode>
                </TextEquiv>
            </TextLine>
            <TextLine id="r_41_tl_22" custom="readingOrder {index:18;}">
                <Coords points="787,998 1285,975 1437,986 1445,965 788,971"/>
                <Baseline points="792,990 822,988 852,988 882,986 912,984 942,984 972,982 1002,982 1032,980 1062,980 1092,978 1122,978 1152,978 1182,978 1212,978 1243,978 1264,964 1283,965 1294,974 1330,974 1365,972 1395,972 1425,972 1447,974"/>
                <TextEquiv>
                    <Unicode>te zien. Ach hoe zou met liefde voor het goed gekozen vak, het maatschappelijk probleem</Unicode>
                </TextEquiv>
            </TextLine>
            <TextLine id="r_41_tl_23" custom="readingOrder {index:19;}">
                <Coords points="787,1022 1005,1002 1023,1017 1244,998 1417,1008 1443,1004 1443,984 788,997"/>
                <Baseline points="792,1012 814,1008 844,1008 874,1008 904,1004 934,1004 964,1002 994,1002 1024,1000 1054,1000 1084,998 1114,998 1144,1000 1174,998 1204,996 1235,996 1265,996 1295,994 1325,996 1355,996 1385,994 1415,994 1445,996"/>
                <TextEquiv>
                    <Unicode>de mensheid niet meer kwellen! Geen vakvereniging, geen bond tot verstrooiing van de murw-</Unicode>
                </TextEquiv>
            </TextLine>
            <TextLine id="r_41_tl_24" custom="readingOrder {index:20;}">
                <Coords points="794,1034 812,1032 842,1032 872,1028 902,1026 932,1026 962,1024 992,1022 1022,1024 1052,1022 1082,1020 1112,1018 1142,1018 1172,1016 1202,1018 1233,1016 1263,1014 1293,1016 1323,1016 1369,1017 1369,1002 1323,1001 1293,1001 1263,999 1232,1001 1202,1003 1172,1001 1142,1003 1112,1003 1081,1005 1051,1007 1022,1009 992,1007 961,1009 932,1011 902,1011 871,1013 841,1017 811,1017 792,1019"/>
                <Baseline points="794,1034 812,1032 842,1032 872,1028 902,1026 932,1026 962,1024 992,1022 1022,1024 1052,1022 1082,1020 1112,1018 1142,1018 1172,1016 1202,1018 1244,1017 1307,1017 1352,1015 1404,1016 1443,1016"/>
                <TextEquiv>
                    <Unicode>geslagen arbeider zou zijn leiders meer hoofdbreken kosten, als slechts iedereen het banier van</Unicode>
                </TextEquiv>
            </TextLine>
            <TextLine id="r_41_tl_26" custom="readingOrder {index:21;}">
                <Coords points="792,1052 814,1052 844,1052 874,1050 904,1048 934,1046 964,1046 994,1044 1024,1044 1054,1042 1084,1040 1114,1040 1144,1040 1174,1038 1204,1038 1235,1036 1265,1034 1295,1036 1325,1034 1343,1037 1346,1023 1326,1019 1295,1021 1265,1019 1234,1021 1204,1023 1174,1023 1144,1025 1114,1025 1084,1025 1053,1027 1024,1029 994,1029 964,1031 934,1031 903,1033 873,1035 844,1037 814,1037 792,1037"/>
                <Baseline points="792,1052 814,1052 844,1052 874,1050 904,1048 934,1046 964,1046 994,1044 1024,1044 1132,1042 1204,1037 1237,1040 1278,1040 1311,1038 1345,1037 1353,1025 1367,1027 1404,1027 1437,1031 1467,1032"/>
                <TextEquiv>
                    <Unicode>zijn roepstem vermocht te volgen. Kon slechts ieder jongetje, dat zo graag naar de dierentuin gaat,</Unicode>
                </TextEquiv>
            </TextLine>
            <TextLine id="l_1974" custom="readingOrder {index:22;}">
                <Coords points="793,1076 811,1076 827,1075 852,1074 875,1073 893,1073 909,1071 925,1071 952,1071 965,1068 987,1067 1013,1066 1030,1066 1056,1064 1092,1064 1108,1062 1127,1064 1145,1062 1172,1061 1197,1060 1212,1059 1233,1058 1254,1058 1274,1059 1296,1059 1322,1057 1342,1057 1358,1057 1374,1056 1399,1056 1423,1057 1440,1059 1457,1063 1464,1034 1445,1030 1425,1027 1400,1026 1373,1026 1358,1027 1342,1027 1320,1027 1295,1030 1275,1029 1255,1028 1233,1028 1209,1029 1195,1030 1171,1031 1143,1032 1127,1034 1107,1032 1090,1034 1055,1034 1028,1036 1012,1036 986,1037 962,1038 949,1041 924,1041 907,1041 891,1043 875,1043 851,1044 825,1045 810,1046 793,1046"/>
                <Baseline points="793,1076 811,1076 827,1075 852,1074 875,1073 893,1073 909,1071 925,1071 952,1071 965,1068 987,1067 1013,1066 1030,1066 1056,1064 1092,1064 1108,1062 1127,1064 1145,1062 1172,1061 1197,1060 1212,1059 1233,1058 1254,1058 1274,1059 1296,1059 1322,1057 1342,1057 1358,1057 1374,1056 1399,1056 1423,1057 1440,1059 1457,1063"/>
                <TextEquiv>
                    <Unicode>toch maar zonder enige ouderlijke tegenstand dierenoppasser worden! Ach, mocht maar iedereen</Unicode>
                </TextEquiv>
            </TextLine>
            <TextLine id="l_2174" custom="readingOrder {index:23;}">
                <Coords points="794,1086 803,1086 811,1095 833,1096 852,1094 877,1096 893,1096 915,1096 924,1092 950,1092 962,1092 986,1091 996,1089 1018,1089 1042,1088 1050,1077 1078,1075 1106,1075 1138,1085 1153,1084 1166,1083 1178,1082 1207,1082 1225,1081 1253,1079 1281,1079 1293,1078 1314,1079 1339,1077 1354,1077 1376,1077 1392,1076 1406,1075 1421,1077 1435,1077 1434,1047 1422,1047 1407,1045 1391,1046 1375,1047 1354,1047 1338,1047 1314,1049 1293,1048 1280,1049 1252,1049 1223,1051 1206,1052 1177,1052 1164,1053 1151,1054 1141,1055 1110,1046 1078,1045 1032,1046 1026,1060 1017,1059 993,1059 983,1061 961,1062 949,1062 919,1062 909,1066 893,1066 878,1066 852,1064 832,1066 825,1067 818,1053 793,1056"/>
                <Baseline points="794,1086 803,1086 811,1095 833,1096 852,1094 877,1096 893,1096 915,1096 924,1092 950,1092 962,1092 986,1091 996,1089 1018,1089 1042,1088 1050,1077 1078,1075 1106,1075 1138,1085 1153,1084 1166,1083 1178,1082 1207,1082 1225,1081 1253,1079 1281,1079 1293,1078 1314,1079 1339,1077 1354,1077 1376,1077 1392,1076 1406,1075 1421,1077 1435,1077"/>
                <TextEquiv>
                    <Unicode>in deze eenvoudige, mits goed begrepen maatschappij, het geluk deelachtig worden, dat mij zo</Unicode>
                </TextEquiv>
            </TextLine>
            <TextLine id="r_41_tl_31" custom="readingOrder {index:24;}">
                <Coords points="788,1111 880,1116 910,1114 940,1112 970,1110 1000,1110 1030,1108 1029,1093 1000,1095 970,1095 939,1097 909,1099 880,1101 789,1096"/>
                <Baseline points="788,1111 880,1116 910,1114 940,1112 970,1110 1000,1110 1030,1108"/>
                <TextEquiv>
                    <Unicode>koortsachtig door het leven jaagt.</Unicode>
                </TextEquiv>
            </TextLine>
            <TextLine id="r_41_tl_32" custom="readingOrder {index:25;}">
                <Coords points="787,1159 832,1154 840,1160 875,1150 906,1160 922,1153 933,1160 962,1154 969,1162 986,1152 1021,1156 1022,1114 1001,1123 947,1115 913,1124 886,1120 854,1134 788,1124"/>
                <Baseline points="792,1142 822,1144 852,1144 882,1142 912,1140 942,1138 972,1138 1002,1138 1022,1142"/>
                <TextEquiv>
                    <Unicode>Een beetje meer liefde tot het beroep!</Unicode>
                </TextEquiv>
            </TextLine>
            <TextEquiv>
                <Unicode></Unicode>
            </TextEquiv>
        </TextRegion>
    </Page>
</PcGts>
