<?xml version="1.0" encoding="UTF-8" standalone="yes"?>
<PcGts xmlns="http://schema.primaresearch.org/PAGE/gts/pagecontent/2013-07-15" xmlns:xsi="http://www.w3.org/2001/XMLSchema-instance" xsi:schemaLocation="http://schema.primaresearch.org/PAGE/gts/pagecontent/2013-07-15 http://schema.primaresearch.org/PAGE/gts/pagecontent/2013-07-15/pagecontent.xsd">
    <Metadata>
        <Creator>prov=READ-COOP:name=PyLaia@TranskribusPlatform:version=2.12.1:model_id=50786:lm=none:date=08_04_2024_11:43</Creator>
        <Created>2023-07-28T17:14:37.258+02:00</Created>
        <LastChange>2024-04-08T23:14:58.009+02:00</LastChange>
        <TranskribusMetadata docId="1515126" pageId="58235987" pageNr="4" tsid="157446242" status="DONE" userId="145668" imgUrl="https://files.transkribus.eu/Get?id=ITINTBWKPZEAAKHIOISOCXKB&amp;fileType=view" xmlUrl="https://files.transkribus.eu/Get?id=SIKXTZFLNFLOXBINJWQJSNXT" imageId="47162902"/>
    </Metadata>
    <Page imageFilename="0004_urn-gvn-EVDO01-IIAV002_IAV001000031-large_04.jpeg" imageWidth="1500" imageHeight="1206">
        <ReadingOrder>
            <OrderedGroup id="ro_1730976420670" caption="Regions reading order">
                <RegionRefIndexed index="0" regionRef="r_3389"/>
                <RegionRefIndexed index="1" regionRef="r"/>
                <RegionRefIndexed index="2" regionRef="r_2279"/>
                <RegionRefIndexed index="3" regionRef="r_3402"/>
                <RegionRefIndexed index="4" regionRef="r_3403"/>
            </OrderedGroup>
        </ReadingOrder>
        <Relations/>
        <TextRegion id="r_3389" custom="readingOrder {index:0;} structure {type:visual;}">
            <Coords points="750,12 1491,9 1489,459 1333,457 1333,404 753,407"/>
            <TextEquiv>
                <Unicode></Unicode>
            </TextEquiv>
        </TextRegion>
        <TextRegion id="r" custom="readingOrder {index:1;} structure {type:caption;}">
            <Coords points="791,404 792,433 1078,434 1078,404"/>
            <TextLine id="tr_1_tl_3" custom="readingOrder {index:0;} place {offset:25; length:11;} date {offset:38; length:14;}">
                <Coords points="787,434 807,426 855,434 872,425 898,432 957,424 973,434 999,425 1026,439 1056,436 1056,404 787,409"/>
                <Baseline points="792,420 818,422 845,422 871,420 898,420 925,419 951,418 978,418 1004,418 1031,420 1058,418"/>
                <Word id="tr_1_tl_3_w1" custom="readingOrder {index:0;}">
                    <Coords points="781,380 781,440 814,440 814,380 781,380 781,380 781,380 781,380 781,380 781,380"/>
                    <TextEquiv>
                        <Unicode>me</Unicode>
                    </TextEquiv>
                </Word>
                <Word id="tr_1_tl_3_w2" custom="readingOrder {index:1;}">
                    <Coords points="831,382 831,442 850,442 850,382 831,382 831,382 831,382 831,382 831,382 831,382"/>
                    <TextEquiv>
                        <Unicode>een</Unicode>
                    </TextEquiv>
                </Word>
                <Word id="tr_1_tl_3_w3" custom="readingOrder {index:2;}">
                    <Coords points="869,380 869,440 883,440 883,380 869,380 869,380 869,380 869,380 869,380 869,380"/>
                    <TextEquiv>
                        <Unicode>da</Unicode>
                    </TextEquiv>
                </Word>
                <Word id="tr_1_tl_3_w4" custom="readingOrder {index:3;}">
                    <Coords points="917,379 917,439 929,439 929,379 917,379 917,379 917,379 917,379 917,379 917,379"/>
                    <TextEquiv>
                        <Unicode>de</Unicode>
                    </TextEquiv>
                </Word>
                <Word id="tr_1_tl_3_w5" custom="readingOrder {index:4;}">
                    <Coords points="989,378 989,438 1015,438 1015,378 989,378 989,378 989,378 989,378 989,378 989,378"/>
                    <TextEquiv>
                        <Unicode>e</Unicode>
                    </TextEquiv>
                </Word>
                <TextEquiv>
                    <Unicode>Interieur de ma chambre, Rozenstraat. September 1944</Unicode>
                </TextEquiv>
            </TextLine>
            <TextEquiv>
                <Unicode></Unicode>
            </TextEquiv>
        </TextRegion>
        <TextRegion id="r_2279" custom="readingOrder {index:2;} structure {type:heading;}">
            <Coords points="792,433 792,464 1016,462 1016,433"/>
            <TextLine id="tr_1_tl_4" custom="readingOrder {index:0;}">
                <Coords points="787,466 883,454 991,458 992,434 978,438 957,424 865,426 836,441 813,429 803,437 787,434"/>
                <Baseline points="792,454 817,454 842,452 867,452 892,451 917,450 942,450 967,450 992,450"/>
                <Word id="tr_1_tl_4_w1" custom="readingOrder {index:0;}">
                    <Coords points="783,414 783,474 791,474 791,414 783,414 783,414 783,414 783,414 783,414 783,414 783,414"/>
                    <TextEquiv>
                        <Unicode>4</Unicode>
                    </TextEquiv>
                </Word>
                <Word id="tr_1_tl_4_w2" custom="readingOrder {index:1;}">
                    <Coords points="815,413 815,473 843,473 843,413 815,413 815,413 815,413 815,413 815,413 815,413 815,413"/>
                    <TextEquiv>
                        <Unicode>lond</Unicode>
                    </TextEquiv>
                </Word>
                <Word id="tr_1_tl_4_w3" custom="readingOrder {index:2;}">
                    <Coords points="856,412 856,472 877,472 877,412 856,412 856,412 856,412 856,412 856,412 856,412 856,412"/>
                    <TextEquiv>
                        <Unicode>tut</Unicode>
                    </TextEquiv>
                </Word>
                <Word id="tr_1_tl_4_w4" custom="readingOrder {index:3;}">
                    <Coords points="888,410 888,470 909,470 909,410 888,410 888,410 888,410 888,410 888,410 888,410 888,410"/>
                    <TextEquiv>
                        <Unicode>van</Unicode>
                    </TextEquiv>
                </Word>
                <Word id="tr_1_tl_4_w5" custom="readingOrder {index:4;}">
                    <Coords points="926,410 926,470 974,470 974,410 926,410 926,410 926,410 926,410 926,410 926,410 926,410"/>
                    <TextEquiv>
                        <Unicode>hider</Unicode>
                    </TextEquiv>
                </Word>
                <TextEquiv>
                    <Unicode>Ik hou wél van kinderen.</Unicode>
                </TextEquiv>
            </TextLine>
            <TextEquiv>
                <Unicode></Unicode>
            </TextEquiv>
        </TextRegion>
        <TextRegion id="r_3402" custom="readingOrder {index:3;} structure {type:paragraph;}">
            <Coords points="792,464 792,915 1476,915 1476,464"/>
            <TextLine id="l" custom="readingOrder {index:0;} unclear {offset:34; length:9;}">
                <Coords points="796,485 813,484 829,484 843,484 866,483 878,482 900,482 914,480 932,480 957,480 985,478 1013,478 1027,478 1052,478 1075,475 1095,475 1111,475 1124,476 1132,477 1146,476 1174,474 1188,474 1203,476 1216,475 1237,475 1260,475 1269,475 1286,473 1296,473 1315,472 1332,472 1351,472 1364,472 1392,473 1418,473 1444,473 1457,475 1458,465 1444,463 1418,463 1393,463 1364,462 1351,462 1332,462 1314,462 1296,463 1285,463 1268,465 1260,465 1237,465 1215,465 1203,466 1188,464 1174,464 1146,466 1132,467 1125,466 1112,465 1095,465 1075,465 1052,468 1027,468 1013,468 985,468 957,470 932,470 913,470 900,472 878,472 866,473 843,474 829,474 813,474 795,475"/>
                <Baseline points="796,482 813,481 829,482 843,481 866,481 878,480 900,479 914,478 932,478 957,478 985,476 1013,476 1027,475 1052,475 1075,473 1095,472 1111,473 1124,473 1132,474 1146,473 1174,472 1188,472 1203,473 1216,473 1237,473 1260,473 1269,473 1286,471 1296,471 1315,470 1332,470 1351,469 1364,469 1392,471 1418,471 1444,470 1457,472"/>
                <TextEquiv>
                    <Unicode>Toen in onze door oorlogsnoodzaak verstomde stad de trams nog reden, en hoe intiem gedurende de</Unicode>
                </TextEquiv>
            </TextLine>
            <TextLine id="l_4707" custom="readingOrder {index:1;}">
                <Coords points="798,503 817,502 838,501 856,499 872,498 883,498 898,498 915,498 931,496 950,497 968,497 982,495 1005,493 1026,493 1049,492 1063,490 1078,490 1093,489 1114,490 1139,490 1158,489 1181,489 1182,489 1213,489 1241,489 1268,490 1292,490 1306,490 1325,488 1335,488 1356,488 1371,489 1389,489 1404,489 1423,489 1450,491 1451,481 1423,479 1404,479 1389,479 1372,479 1356,478 1335,478 1324,478 1306,480 1292,480 1268,480 1241,479 1213,479 1182,479 1181,479 1157,479 1139,480 1115,480 1093,479 1078,480 1063,480 1048,482 1026,483 1005,483 981,485 968,487 950,487 931,486 915,488 898,488 883,488 872,488 856,489 838,491 817,492 798,493"/>
                <Baseline points="798,500 817,499 838,498 856,497 872,496 883,496 898,496 915,495 931,493 950,494 968,494 982,492 1005,491 1026,491 1049,489 1063,488 1078,487 1093,486 1114,488 1139,488 1158,487 1181,486 1182,486 1213,486 1241,486 1268,487 1292,487 1306,488 1325,486 1335,486 1356,486 1371,487 1389,487 1404,487 1423,486 1450,488"/>
                <TextEquiv>
                    <Unicode>korte rit zat men dan bij elkander, kon het vaak voorkomen, dat een moeder zich aan onze zijde</Unicode>
                </TextEquiv>
            </TextLine>
            <TextLine id="tr_1_tl_10" custom="readingOrder {index:2;}">
                <Coords points="791,516 1436,510 1344,489 791,506"/>
                <Baseline points="796,514 828,513 860,511 892,510 924,510 956,510 988,508 1020,508 1052,506 1084,506 1117,506 1149,506 1181,505 1213,504 1245,505 1277,506 1309,505 1341,504 1373,504 1405,504 1438,504"/>
                <Word id="tr_1_tl_10_w1" custom="readingOrder {index:0;}">
                    <Coords points="783,473 783,533 824,533 824,473 783,473 783,473 783,473 783,473 783,473 783,473 783,473 783,473"/>
                    <TextEquiv>
                        <Unicode>gland</Unicode>
                    </TextEquiv>
                </Word>
                <Word id="tr_1_tl_10_w2" custom="readingOrder {index:1;}">
                    <Coords points="842,471 842,531 862,531 862,471 842,471 842,471 842,471 842,471 842,471 842,471 842,471 842,471"/>
                    <TextEquiv>
                        <Unicode>met</Unicode>
                    </TextEquiv>
                </Word>
                <Word id="tr_1_tl_10_w3" custom="readingOrder {index:2;}">
                    <Coords points="870,470 870,530 883,530 883,470 870,470 870,470 870,470 870,470 870,470 870,470 870,470 870,470"/>
                    <TextEquiv>
                        <Unicode>een</Unicode>
                    </TextEquiv>
                </Word>
                <Word id="tr_1_tl_10_w4" custom="readingOrder {index:3;}">
                    <Coords points="895,470 895,530 913,530 913,470 895,470 895,470 895,470 895,470 895,470 895,470 895,470 895,470"/>
                    <TextEquiv>
                        <Unicode>vae</Unicode>
                    </TextEquiv>
                </Word>
                <Word id="tr_1_tl_10_w5" custom="readingOrder {index:4;}">
                    <Coords points="929,470 929,530 940,530 940,470 929,470 929,470 929,470 929,470 929,470 929,470 929,470 929,470"/>
                    <TextEquiv>
                        <Unicode>op</Unicode>
                    </TextEquiv>
                </Word>
                <Word id="tr_1_tl_10_w6" custom="readingOrder {index:5;}">
                    <Coords points="951,469 951,529 993,529 993,469 951,469 951,469 951,469 951,469 951,469 951,469 951,469 951,469"/>
                    <TextEquiv>
                        <Unicode>cdoot.</Unicode>
                    </TextEquiv>
                </Word>
                <Word id="tr_1_tl_10_w7" custom="readingOrder {index:6;}">
                    <Coords points="1005,466 1005,526 1075,526 1075,466 1005,466 1005,466 1005,466 1005,466 1005,466 1005,466 1005,466 1005,466"/>
                    <TextEquiv>
                        <Unicode>Amdeellys</Unicode>
                    </TextEquiv>
                </Word>
                <Word id="tr_1_tl_10_w8" custom="readingOrder {index:7;}">
                    <Coords points="1086,466 1086,526 1146,526 1146,466 1086,466 1086,466 1086,466 1086,466 1086,466 1086,466 1086,466 1086,466"/>
                    <TextEquiv>
                        <Unicode>verendede</Unicode>
                    </TextEquiv>
                </Word>
                <Word id="tr_1_tl_10_w9" custom="readingOrder {index:8;}">
                    <Coords points="1161,465 1161,525 1178,525 1178,465 1161,465 1161,465 1161,465 1161,465 1161,465 1161,465 1161,465 1161,465"/>
                    <TextEquiv>
                        <Unicode>zie</Unicode>
                    </TextEquiv>
                </Word>
                <Word id="tr_1_tl_10_w10" custom="readingOrder {index:9;}">
                    <Coords points="1196,464 1196,524 1208,524 1208,464 1196,464 1196,464 1196,464 1196,464 1196,464 1196,464 1196,464 1196,464"/>
                    <TextEquiv>
                        <Unicode>de</Unicode>
                    </TextEquiv>
                </Word>
                <Word id="tr_1_tl_10_w11" custom="readingOrder {index:10;}">
                    <Coords points="1218,464 1218,524 1265,524 1265,464 1218,464 1218,464 1218,464 1218,464 1218,464 1218,464 1218,464 1218,464"/>
                    <TextEquiv>
                        <Unicode>qieen</Unicode>
                    </TextEquiv>
                </Word>
                <Word id="tr_1_tl_10_w12" custom="readingOrder {index:11;}">
                    <Coords points="1277,465 1277,525 1295,525 1295,465 1277,465 1277,465 1277,465 1277,465 1277,465 1277,465 1277,465 1277,465"/>
                    <TextEquiv>
                        <Unicode>der</Unicode>
                    </TextEquiv>
                </Word>
                <Word id="tr_1_tl_10_w13" custom="readingOrder {index:12;}">
                    <Coords points="1311,464 1311,524 1380,524 1380,464 1311,464 1311,464 1311,464 1311,464 1311,464 1311,464 1311,464 1311,464"/>
                    <TextEquiv>
                        <Unicode>omrittede</Unicode>
                    </TextEquiv>
                </Word>
                <Word id="tr_1_tl_10_w14" custom="readingOrder {index:13;}">
                    <Coords points="1388,464 1388,524 1443,524 1443,464 1388,464 1388,464 1388,464 1388,464 1388,464 1388,464 1388,464 1388,464"/>
                    <TextEquiv>
                        <Unicode>vrouwen,</Unicode>
                    </TextEquiv>
                </Word>
                <TextEquiv>
                    <Unicode>schaarde met een baby op schoot. Onmiddellijk veranderden zich de gezichten der omzittende vrouwen.</Unicode>
                </TextEquiv>
            </TextLine>
            <TextLine id="tr_1_tl_11" custom="readingOrder {index:3;}">
                <Coords points="791,541 1460,535 1460,508 791,517"/>
                <Baseline points="796,534 829,532 862,532 895,532 929,528 962,529 995,528 1029,527 1062,526 1095,526 1129,524 1162,524 1195,524 1228,524 1262,524 1295,524 1328,524 1362,523 1395,524 1428,526 1462,526"/>
                <Word id="tr_1_tl_11_w1" custom="readingOrder {index:0;}">
                    <Coords points="788,494 788,554 803,554 803,494 788,494 788,494 788,494 788,494 788,494 788,494 788,494 788,494"/>
                    <TextEquiv>
                        <Unicode>te</Unicode>
                    </TextEquiv>
                </Word>
                <Word id="tr_1_tl_11_w2" custom="readingOrder {index:1;}">
                    <Coords points="813,492 813,552 850,552 850,492 813,492 813,492 813,492 813,492 813,492 813,492 813,492 813,492"/>
                    <TextEquiv>
                        <Unicode>geleken</Unicode>
                    </TextEquiv>
                </Word>
                <Word id="tr_1_tl_11_w3" custom="readingOrder {index:2;}">
                    <Coords points="862,492 862,552 877,552 877,492 862,492 862,492 862,492 862,492 862,492 862,492 862,492 862,492"/>
                    <TextEquiv>
                        <Unicode>die</Unicode>
                    </TextEquiv>
                </Word>
                <Word id="tr_1_tl_11_w4" custom="readingOrder {index:3;}">
                    <Coords points="890,491 890,551 905,551 905,491 890,491 890,491 890,491 890,491 890,491 890,491 890,491 890,491"/>
                    <TextEquiv>
                        <Unicode>ht</Unicode>
                    </TextEquiv>
                </Word>
                <Word id="tr_1_tl_11_w5" custom="readingOrder {index:4;}">
                    <Coords points="915,488 915,548 934,548 934,488 915,488 915,488 915,488 915,488 915,488 915,488 915,488 915,488"/>
                    <TextEquiv>
                        <Unicode>dee</Unicode>
                    </TextEquiv>
                </Word>
                <Word id="tr_1_tl_11_w6" custom="readingOrder {index:5;}">
                    <Coords points="963,488 963,548 1014,548 1014,488 963,488 963,488 963,488 963,488 963,488 963,488 963,488 963,488"/>
                    <TextEquiv>
                        <Unicode>onderli</Unicode>
                    </TextEquiv>
                </Word>
                <Word id="tr_1_tl_11_w7" custom="readingOrder {index:6;}">
                    <Coords points="1024,486 1024,546 1035,546 1035,486 1024,486 1024,486 1024,486 1024,486 1024,486 1024,486 1024,486 1024,486"/>
                    <TextEquiv>
                        <Unicode>de</Unicode>
                    </TextEquiv>
                </Word>
                <Word id="tr_1_tl_11_w8" custom="readingOrder {index:7;}">
                    <Coords points="1048,486 1048,546 1129,546 1129,486 1048,486 1048,486 1048,486 1048,486 1048,486 1048,486 1048,486 1048,486"/>
                    <TextEquiv>
                        <Unicode>eaanlonghed</Unicode>
                    </TextEquiv>
                </Word>
                <Word id="tr_1_tl_11_w9" custom="readingOrder {index:8;}">
                    <Coords points="1141,484 1141,544 1156,544 1156,484 1141,484 1141,484 1141,484 1141,484 1141,484 1141,484 1141,484 1141,484"/>
                    <TextEquiv>
                        <Unicode>der</Unicode>
                    </TextEquiv>
                </Word>
                <Word id="tr_1_tl_11_w10" custom="readingOrder {index:9;}">
                    <Coords points="1165,484 1165,544 1219,544 1219,484 1165,484 1165,484 1165,484 1165,484 1165,484 1165,484 1165,484 1165,484"/>
                    <TextEquiv>
                        <Unicode>princtiees</Unicode>
                    </TextEquiv>
                </Word>
                <Word id="tr_1_tl_11_w11" custom="readingOrder {index:10;}">
                    <Coords points="1230,484 1230,544 1243,544 1243,484 1230,484 1230,484 1230,484 1230,484 1230,484 1230,484 1230,484 1230,484"/>
                    <TextEquiv>
                        <Unicode>de</Unicode>
                    </TextEquiv>
                </Word>
                <Word id="tr_1_tl_11_w12" custom="readingOrder {index:11;}">
                    <Coords points="1256,484 1256,544 1316,544 1316,484 1256,484 1256,484 1256,484 1256,484 1256,484 1256,484 1256,484 1256,484"/>
                    <TextEquiv>
                        <Unicode>coesting,</Unicode>
                    </TextEquiv>
                </Word>
                <Word id="tr_1_tl_11_w13" custom="readingOrder {index:12;}">
                    <Coords points="1322,484 1322,544 1329,544 1329,484 1322,484 1322,484 1322,484 1322,484 1322,484 1322,484 1322,484 1322,484"/>
                    <TextEquiv>
                        <Unicode>te</Unicode>
                    </TextEquiv>
                </Word>
                <Word id="tr_1_tl_11_w14" custom="readingOrder {index:13;}">
                    <Coords points="1342,483 1342,543 1374,543 1374,483 1342,483 1342,483 1342,483 1342,483 1342,483 1342,483 1342,483 1342,483"/>
                    <TextEquiv>
                        <Unicode>Haer</Unicode>
                    </TextEquiv>
                </Word>
                <Word id="tr_1_tl_11_w15" custom="readingOrder {index:14;}">
                    <Coords points="1389,483 1389,543 1400,543 1400,483 1389,483 1389,483 1389,483 1389,483 1389,483 1389,483 1389,483 1389,483"/>
                    <TextEquiv>
                        <Unicode>ve</Unicode>
                    </TextEquiv>
                </Word>
                <Word id="tr_1_tl_11_w16" custom="readingOrder {index:15;}">
                    <Coords points="1411,485 1411,545 1440,545 1440,485 1411,485 1411,485 1411,485 1411,485 1411,485 1411,485 1411,485 1411,485"/>
                    <TextEquiv>
                        <Unicode>tijft</Unicode>
                    </TextEquiv>
                </Word>
                <TextEquiv>
                    <Unicode>De gelaten die tot dusver ondanks de saamhorigheid der primitieve huisvesting, in starre verstijfdheid</Unicode>
                </TextEquiv>
            </TextLine>
            <TextLine id="tr_1_tl_12" custom="readingOrder {index:4;}">
                <Coords points="791,559 1468,558 1469,534 791,541"/>
                <Baseline points="796,552 829,552 863,548 897,549 930,551 965,549 998,547 1031,547 1065,545 1099,542 1133,540 1166,542 1200,544 1234,542 1267,540 1301,540 1335,541 1368,541 1402,540 1436,542 1470,546"/>
                <Word id="tr_1_tl_12_w1" custom="readingOrder {index:0;}">
                    <Coords points="790,512 790,572 823,572 823,512 790,512 790,512 790,512 790,512 790,512 790,512 790,512 790,512"/>
                    <TextEquiv>
                        <Unicode>langs</Unicode>
                    </TextEquiv>
                </Word>
                <Word id="tr_1_tl_12_w2" custom="readingOrder {index:1;}">
                    <Coords points="837,508 837,568 897,568 897,508 837,508 837,508 837,508 837,508 837,508 837,508 837,508 837,508"/>
                    <TextEquiv>
                        <Unicode>elanders</Unicode>
                    </TextEquiv>
                </Word>
                <Word id="tr_1_tl_12_w3" custom="readingOrder {index:2;}">
                    <Coords points="910,512 910,572 978,572 978,512 910,512 910,512 910,512 910,512 910,512 910,512 910,512 910,512"/>
                    <TextEquiv>
                        <Unicode>tegenhgaend</Unicode>
                    </TextEquiv>
                </Word>
                <Word id="tr_1_tl_12_w4" custom="readingOrder {index:3;}">
                    <Coords points="993,511 993,571 1025,571 1025,511 993,511 993,511 993,511 993,511 993,511 993,511 993,511 993,511"/>
                    <TextEquiv>
                        <Unicode>hoofte</Unicode>
                    </TextEquiv>
                </Word>
                <Word id="tr_1_tl_12_w5" custom="readingOrder {index:4;}">
                    <Coords points="1038,505 1038,565 1066,565 1066,505 1038,505 1038,505 1038,505 1038,505 1038,505 1038,505 1038,505 1038,505"/>
                    <TextEquiv>
                        <Unicode>naar</Unicode>
                    </TextEquiv>
                </Word>
                <Word id="tr_1_tl_12_w6" custom="readingOrder {index:5;}">
                    <Coords points="1076,503 1076,563 1094,563 1094,503 1076,503 1076,503 1076,503 1076,503 1076,503 1076,503 1076,503 1076,503"/>
                    <TextEquiv>
                        <Unicode>het</Unicode>
                    </TextEquiv>
                </Word>
                <Word id="tr_1_tl_12_w7" custom="readingOrder {index:6;}">
                    <Coords points="1104,500 1104,560 1146,560 1146,500 1104,500 1104,500 1104,500 1104,500 1104,500 1104,500 1104,500 1104,500"/>
                    <TextEquiv>
                        <Unicode>wegdel</Unicode>
                    </TextEquiv>
                </Word>
                <Word id="tr_1_tl_12_w8" custom="readingOrder {index:7;}">
                    <Coords points="1156,502 1156,562 1184,562 1184,502 1156,502 1156,502 1156,502 1156,502 1156,502 1156,502 1156,502 1156,502"/>
                    <TextEquiv>
                        <Unicode>ware</Unicode>
                    </TextEquiv>
                </Word>
                <Word id="tr_1_tl_12_w9" custom="readingOrder {index:8;}">
                    <Coords points="1197,502 1197,562 1251,562 1251,502 1197,502 1197,502 1197,502 1197,502 1197,502 1197,502 1197,502 1197,502"/>
                    <TextEquiv>
                        <Unicode>geward,</Unicode>
                    </TextEquiv>
                </Word>
                <Word id="tr_1_tl_12_w10" custom="readingOrder {index:9;}">
                    <Coords points="1257,500 1257,560 1325,560 1325,500 1257,500 1257,500 1257,500 1257,500 1257,500 1257,500 1257,500 1257,500"/>
                    <TextEquiv>
                        <Unicode>wedijoerden</Unicode>
                    </TextEquiv>
                </Word>
                <Word id="tr_1_tl_12_w11" custom="readingOrder {index:10;}">
                    <Coords points="1334,501 1334,561 1352,561 1352,501 1334,501 1334,501 1334,501 1334,501 1334,501 1334,501 1334,501 1334,501"/>
                    <TextEquiv>
                        <Unicode>zid</Unicode>
                    </TextEquiv>
                </Word>
                <Word id="tr_1_tl_12_w12" custom="readingOrder {index:11;}">
                    <Coords points="1367,500 1367,560 1377,560 1377,500 1367,500 1367,500 1367,500 1367,500 1367,500 1367,500 1367,500 1367,500"/>
                    <TextEquiv>
                        <Unicode>in</Unicode>
                    </TextEquiv>
                </Word>
                <Word id="tr_1_tl_12_w13" custom="readingOrder {index:12;}">
                    <Coords points="1385,500 1385,560 1402,560 1402,500 1385,500 1385,500 1385,500 1385,500 1385,500 1385,500 1385,500 1385,500"/>
                    <TextEquiv>
                        <Unicode>het</Unicode>
                    </TextEquiv>
                </Word>
                <Word id="tr_1_tl_12_w14" custom="readingOrder {index:13;}">
                    <Coords points="1412,502 1412,562 1475,562 1475,502 1412,502 1412,502 1412,502 1412,502 1412,502 1412,502 1412,502 1412,502"/>
                    <TextEquiv>
                        <Unicode>orseannen</Unicode>
                    </TextEquiv>
                </Word>
                <TextEquiv>
                    <Unicode>langs elkanders tegenliggende hoofden naar het wegdek waren gewend, wedijverden zich in het ontspannen</Unicode>
                </TextEquiv>
            </TextLine>
            <TextLine id="l_1369" custom="readingOrder {index:5;} blackening {offset:27; length:7;} textStyle {offset:27; length:7;strikethrough:true;} add {offset:35; length:6;} unclear {offset:35; length:6;}">
                <Coords points="797,576 810,574 821,573 841,574 862,573 892,574 901,574 914,573 922,573 938,572 952,570 970,569 987,570 939,564 965,563 994,563 997,568 1018,568 1043,569 1052,569 1062,568 1086,566 1107,565 1125,566 1139,565 1160,565 1186,564 1209,564 1230,564 1257,566 1256,567 1288,564 1306,565 1322,564 1344,564 1365,564 1380,564 1394,567 1411,567 1427,568 1442,569 1464,570 1465,550 1443,549 1428,548 1411,547 1396,547 1382,544 1365,544 1344,544 1322,544 1305,545 1288,544 1280,551 1279,552 1231,544 1209,544 1186,544 1160,545 1138,545 1125,546 1107,545 1085,546 1061,548 1051,549 1043,549 1018,548 1005,548 1004,541 964,543 915,558 958,562 970,549 951,550 936,552 921,553 913,553 900,554 892,554 862,553 841,554 821,553 809,555 795,556"/>
                <Baseline points="797,571 810,569 821,568 841,569 862,568 892,569 901,569 914,568 922,568 938,567 952,565 970,564 987,565 939,559 965,558 994,558 997,563 1018,563 1043,564 1052,564 1062,563 1086,561 1107,560 1125,561 1139,560 1160,560 1186,559 1209,559 1230,559 1257,561 1256,562 1288,559 1306,560 1322,559 1344,559 1365,559 1380,559 1394,562 1411,562 1427,563 1442,564 1464,565"/>
                <TextEquiv>
                    <Unicode>der gelaatstrekken tot een goedige wel@@@ lach. Ja, ik herinner mij niet, gedurende al de tramritten in mijn leven,</Unicode>
                </TextEquiv>
            </TextLine>
            <TextLine id="tr_1_tl_15" custom="readingOrder {index:6;}">
                <Coords points="789,602 1164,581 1340,595 1441,571 789,580"/>
                <Baseline points="794,590 826,590 858,589 891,588 923,587 956,584 988,582 1020,582 1053,580 1085,580 1118,580 1150,579 1182,578 1215,578 1247,578 1280,578 1312,578 1344,579 1377,582 1409,580 1442,582"/>
                <Word id="tr_1_tl_15_w1" custom="readingOrder {index:0;}">
                    <Coords points="783,550 783,610 815,610 815,550 783,550 783,550 783,550 783,550 783,550 783,550 783,550 783,550"/>
                    <TextEquiv>
                        <Unicode>ver</Unicode>
                    </TextEquiv>
                </Word>
                <Word id="tr_1_tl_15_w2" custom="readingOrder {index:1;}">
                    <Coords points="916,546 916,606 934,606 934,546 916,546 916,546 916,546 916,546 916,546 916,546 916,546 916,546"/>
                    <TextEquiv>
                        <Unicode>eh</Unicode>
                    </TextEquiv>
                </Word>
                <Word id="tr_1_tl_15_w3" custom="readingOrder {index:2;}">
                    <Coords points="960,543 960,603 972,603 972,543 960,543 960,543 960,543 960,543 960,543 960,543 960,543 960,543"/>
                    <TextEquiv>
                        <Unicode>de</Unicode>
                    </TextEquiv>
                </Word>
                <Word id="tr_1_tl_15_w4" custom="readingOrder {index:3;}">
                    <Coords points="982,542 982,602 1002,602 1002,542 982,542 982,542 982,542 982,542 982,542 982,542 982,542 982,542"/>
                    <TextEquiv>
                        <Unicode>bou</Unicode>
                    </TextEquiv>
                </Word>
                <Word id="tr_1_tl_15_w5" custom="readingOrder {index:4;}">
                    <Coords points="1048,540 1048,600 1100,600 1100,540 1048,540 1048,540 1048,540 1048,540 1048,540 1048,540 1048,540 1048,540"/>
                    <TextEquiv>
                        <Unicode>voerde,</Unicode>
                    </TextEquiv>
                </Word>
                <Word id="tr_1_tl_15_w6" custom="readingOrder {index:5;}">
                    <Coords points="1109,539 1109,599 1132,599 1132,539 1109,539 1109,539 1109,539 1109,539 1109,539 1109,539 1109,539 1109,539"/>
                    <TextEquiv>
                        <Unicode>ons</Unicode>
                    </TextEquiv>
                </Word>
                <Word id="tr_1_tl_15_w7" custom="readingOrder {index:6;}">
                    <Coords points="1142,539 1142,599 1153,599 1153,539 1142,539 1142,539 1142,539 1142,539 1142,539 1142,539 1142,539 1142,539"/>
                    <TextEquiv>
                        <Unicode>ee</Unicode>
                    </TextEquiv>
                </Word>
                <Word id="tr_1_tl_15_w8" custom="readingOrder {index:7;}">
                    <Coords points="1170,538 1170,598 1191,598 1191,538 1170,538 1170,538 1170,538 1170,538 1170,538 1170,538 1170,538 1170,538"/>
                    <TextEquiv>
                        <Unicode>der</Unicode>
                    </TextEquiv>
                </Word>
                <Word id="tr_1_tl_15_w9" custom="readingOrder {index:8;}">
                    <Coords points="1204,538 1204,598 1269,598 1269,538 1204,538 1204,538 1204,538 1204,538 1204,538 1204,538 1204,538 1204,538"/>
                    <TextEquiv>
                        <Unicode>omede</Unicode>
                    </TextEquiv>
                </Word>
                <Word id="tr_1_tl_15_w10" custom="readingOrder {index:9;}">
                    <Coords points="1282,538 1282,598 1332,598 1332,538 1282,538 1282,538 1282,538 1282,538 1282,538 1282,538 1282,538 1282,538"/>
                    <TextEquiv>
                        <Unicode>vrouwen</Unicode>
                    </TextEquiv>
                </Word>
                <Word id="tr_1_tl_15_w11" custom="readingOrder {index:10;}">
                    <Coords points="1338,540 1338,600 1374,600 1374,540 1338,540 1338,540 1338,540 1338,540 1338,540 1338,540 1338,540 1338,540"/>
                    <TextEquiv>
                        <Unicode>gelaen</Unicode>
                    </TextEquiv>
                </Word>
                <Word id="tr_1_tl_15_w12" custom="readingOrder {index:11;}">
                    <Coords points="1387,540 1387,600 1412,600 1412,540 1387,540 1387,540 1387,540 1387,540 1387,540 1387,540 1387,540 1387,540"/>
                    <TextEquiv>
                        <Unicode>mt</Unicode>
                    </TextEquiv>
                </Word>
                <Word id="tr_1_tl_15_w13" custom="readingOrder {index:12;}">
                    <Coords points="1421,541 1421,601 1441,601 1441,541 1421,541 1421,541 1421,541 1421,541 1421,541 1421,541 1421,541 1421,541"/>
                    <TextEquiv>
                        <Unicode>tot</Unicode>
                    </TextEquiv>
                </Word>
                <TextEquiv>
                    <Unicode>waarin moeders met babies de boventoon voerden, ooit één der omzittende vrouwengelaten niet tot</Unicode>
                </TextEquiv>
            </TextLine>
            <TextLine id="tr_1_tl_16" custom="readingOrder {index:7;}">
                <Coords points="791,616 1442,609 1433,588 1313,582 791,602"/>
                <Baseline points="796,608 828,608 860,607 893,606 925,605 958,604 990,602 1022,602 1055,600 1087,602 1120,598 1152,598 1184,598 1217,598 1249,598 1282,598 1314,598 1346,599 1379,600 1411,602 1444,604"/>
                <Word id="tr_1_tl_16_w1" custom="readingOrder {index:0;}">
                    <Coords points="786,568 786,628 802,628 802,568 786,568 786,568 786,568 786,568 786,568 786,568 786,568 786,568"/>
                    <TextEquiv>
                        <Unicode>een</Unicode>
                    </TextEquiv>
                </Word>
                <Word id="tr_1_tl_16_w2" custom="readingOrder {index:1;}">
                    <Coords points="814,567 814,627 851,627 851,567 814,567 814,567 814,567 814,567 814,567 814,567 814,567 814,567"/>
                    <TextEquiv>
                        <Unicode>geedeg</Unicode>
                    </TextEquiv>
                </Word>
                <Word id="tr_1_tl_16_w3" custom="readingOrder {index:2;}">
                    <Coords points="866,566 866,626 908,626 908,566 866,566 866,566 866,566 866,566 866,566 866,566 866,566 866,566"/>
                    <TextEquiv>
                        <Unicode>genleel</Unicode>
                    </TextEquiv>
                </Word>
                <Word id="tr_1_tl_16_w4" custom="readingOrder {index:3;}">
                    <Coords points="922,564 922,624 931,624 931,564 922,564 922,564 922,564 922,564 922,564 922,564 922,564 922,564"/>
                    <TextEquiv>
                        <Unicode>te</Unicode>
                    </TextEquiv>
                </Word>
                <Word id="tr_1_tl_16_w5" custom="readingOrder {index:4;}">
                    <Coords points="943,564 943,624 970,624 970,564 943,564 943,564 943,564 943,564 943,564 943,564 943,564 943,564"/>
                    <TextEquiv>
                        <Unicode>hebe</Unicode>
                    </TextEquiv>
                </Word>
                <Word id="tr_1_tl_16_w6" custom="readingOrder {index:5;}">
                    <Coords points="984,562 984,622 1001,622 1001,562 984,562 984,562 984,562 984,562 984,562 984,562 984,562 984,562"/>
                    <TextEquiv>
                        <Unicode>zie</Unicode>
                    </TextEquiv>
                </Word>
                <Word id="tr_1_tl_16_w7" custom="readingOrder {index:6;}">
                    <Coords points="1017,560 1017,620 1073,620 1073,560 1017,560 1017,560 1017,560 1017,560 1017,560 1017,560 1017,560 1017,560"/>
                    <TextEquiv>
                        <Unicode>veroormen</Unicode>
                    </TextEquiv>
                </Word>
                <Word id="tr_1_tl_16_w8" custom="readingOrder {index:7;}">
                    <Coords points="1098,559 1098,619 1116,619 1116,559 1098,559 1098,559 1098,559 1098,559 1098,559 1098,559 1098,559 1098,559"/>
                    <TextEquiv>
                        <Unicode>Ma</Unicode>
                    </TextEquiv>
                </Word>
                <Word id="tr_1_tl_16_w9" custom="readingOrder {index:8;}">
                    <Coords points="1125,558 1125,618 1142,618 1142,558 1125,558 1125,558 1125,558 1125,558 1125,558 1125,558 1125,558 1125,558"/>
                    <TextEquiv>
                        <Unicode>an</Unicode>
                    </TextEquiv>
                </Word>
                <Word id="tr_1_tl_16_w10" custom="readingOrder {index:9;}">
                    <Coords points="1158,558 1158,618 1207,618 1207,558 1158,558 1158,558 1158,558 1158,558 1158,558 1158,558 1158,558 1158,558"/>
                    <TextEquiv>
                        <Unicode>lovende</Unicode>
                    </TextEquiv>
                </Word>
                <Word id="tr_1_tl_16_w11" custom="readingOrder {index:10;}">
                    <Coords points="1218,558 1218,618 1240,618 1240,558 1218,558 1218,558 1218,558 1218,558 1218,558 1218,558 1218,558 1218,558"/>
                    <TextEquiv>
                        <Unicode>blet</Unicode>
                    </TextEquiv>
                </Word>
                <Word id="tr_1_tl_16_w12" custom="readingOrder {index:11;}">
                    <Coords points="1250,558 1250,618 1263,618 1263,558 1250,558 1250,558 1250,558 1250,558 1250,558 1250,558 1250,558 1250,558"/>
                    <TextEquiv>
                        <Unicode>on</Unicode>
                    </TextEquiv>
                </Word>
                <Word id="tr_1_tl_16_w13" custom="readingOrder {index:12;}">
                    <Coords points="1276,558 1276,618 1296,618 1296,558 1276,558 1276,558 1276,558 1276,558 1276,558 1276,558 1276,558 1276,558"/>
                    <TextEquiv>
                        <Unicode>mij</Unicode>
                    </TextEquiv>
                </Word>
                <Word id="tr_1_tl_16_w14" custom="readingOrder {index:13;}">
                    <Coords points="1304,558 1304,618 1322,618 1322,558 1304,558 1304,558 1304,558 1304,558 1304,558 1304,558 1304,558 1304,558"/>
                    <TextEquiv>
                        <Unicode>dee</Unicode>
                    </TextEquiv>
                </Word>
                <Word id="tr_1_tl_16_w15" custom="readingOrder {index:14;}">
                    <Coords points="1343,559 1343,619 1367,619 1367,559 1343,559 1343,559 1343,559 1343,559 1343,559 1343,559 1343,559 1343,559"/>
                    <TextEquiv>
                        <Unicode>wat</Unicode>
                    </TextEquiv>
                </Word>
                <Word id="tr_1_tl_16_w16" custom="readingOrder {index:15;}">
                    <Coords points="1380,560 1380,620 1391,620 1391,560 1380,560 1380,560 1380,560 1380,560 1380,560 1380,560 1380,560 1380,560"/>
                    <TextEquiv>
                        <Unicode>is</Unicode>
                    </TextEquiv>
                </Word>
                <Word id="tr_1_tl_16_w17" custom="readingOrder {index:16;}">
                    <Coords points="1406,562 1406,622 1427,622 1427,562 1406,562 1406,562 1406,562 1406,562 1406,562 1406,562 1406,562 1406,562"/>
                    <TextEquiv>
                        <Unicode>uit</Unicode>
                    </TextEquiv>
                </Word>
                <TextEquiv>
                    <Unicode>een goedige glimlach te hebben zien vervormen. Na een honende blik om mij heen, was ik immers</Unicode>
                </TextEquiv>
            </TextLine>
            <TextLine id="tr_1_tl_17" custom="readingOrder {index:8;}">
                <Coords points="791,634 1445,633 1445,612 1391,601 791,619"/>
                <Baseline points="796,628 828,626 861,626 893,626 926,623 958,622 991,622 1023,620 1056,620 1088,618 1121,618 1153,618 1186,616 1218,616 1251,617 1283,618 1316,618 1348,618 1381,618 1413,620 1446,622"/>
                <Word id="tr_1_tl_17_w1" custom="readingOrder {index:0;}">
                    <Coords points="786,588 786,648 798,648 798,588 786,588 786,588 786,588 786,588 786,588 786,588 786,588 786,588"/>
                    <TextEquiv>
                        <Unicode>de</Unicode>
                    </TextEquiv>
                </Word>
                <Word id="tr_1_tl_17_w2" custom="readingOrder {index:1;}">
                    <Coords points="805,586 805,646 826,646 826,586 805,586 805,586 805,586 805,586 805,586 805,586 805,586 805,586"/>
                    <TextEquiv>
                        <Unicode>eis</Unicode>
                    </TextEquiv>
                </Word>
                <Word id="tr_1_tl_17_w3" custom="readingOrder {index:2;}">
                    <Coords points="838,586 838,646 887,646 887,586 838,586 838,586 838,586 838,586 838,586 838,586 838,586 838,586"/>
                    <TextEquiv>
                        <Unicode>geoe,</Unicode>
                    </TextEquiv>
                </Word>
                <Word id="tr_1_tl_17_w4" custom="readingOrder {index:3;}">
                    <Coords points="892,585 892,645 914,645 914,585 892,585 892,585 892,585 892,585 892,585 892,585 892,585 892,585"/>
                    <TextEquiv>
                        <Unicode>wier</Unicode>
                    </TextEquiv>
                </Word>
                <Word id="tr_1_tl_17_w5" custom="readingOrder {index:4;}">
                    <Coords points="921,582 921,642 941,642 941,582 921,582 921,582 921,582 921,582 921,582 921,582 921,582 921,582"/>
                    <TextEquiv>
                        <Unicode>as</Unicode>
                    </TextEquiv>
                </Word>
                <Word id="tr_1_tl_17_w6" custom="readingOrder {index:5;}">
                    <Coords points="947,582 947,642 956,642 956,582 947,582 947,582 947,582 947,582 947,582 947,582 947,582 947,582"/>
                    <TextEquiv>
                        <Unicode>in</Unicode>
                    </TextEquiv>
                </Word>
                <Word id="tr_1_tl_17_w7" custom="readingOrder {index:6;}">
                    <Coords points="966,582 966,642 1012,642 1012,582 966,582 966,582 966,582 966,582 966,582 966,582 966,582 966,582"/>
                    <TextEquiv>
                        <Unicode>menhel</Unicode>
                    </TextEquiv>
                </Word>
                <Word id="tr_1_tl_17_w8" custom="readingOrder {index:7;}">
                    <Coords points="1024,579 1024,639 1097,639 1097,579 1024,579 1024,579 1024,579 1024,579 1024,579 1024,579 1024,579 1024,579"/>
                    <TextEquiv>
                        <Unicode>agstelling</Unicode>
                    </TextEquiv>
                </Word>
                <Word id="tr_1_tl_17_w9" custom="readingOrder {index:8;}">
                    <Coords points="1107,578 1107,638 1132,638 1132,578 1107,578 1107,578 1107,578 1107,578 1107,578 1107,578 1107,578 1107,578"/>
                    <TextEquiv>
                        <Unicode>door</Unicode>
                    </TextEquiv>
                </Word>
                <Word id="tr_1_tl_17_w10" custom="readingOrder {index:9;}">
                    <Coords points="1141,578 1141,638 1154,638 1154,578 1141,578 1141,578 1141,578 1141,578 1141,578 1141,578 1141,578 1141,578"/>
                    <TextEquiv>
                        <Unicode>de</Unicode>
                    </TextEquiv>
                </Word>
                <Word id="tr_1_tl_17_w11" custom="readingOrder {index:10;}">
                    <Coords points="1164,576 1164,636 1236,636 1236,576 1164,576 1164,576 1164,576 1164,576 1164,576 1164,576 1164,576 1164,576"/>
                    <TextEquiv>
                        <Unicode>ludmins</Unicode>
                    </TextEquiv>
                </Word>
                <Word id="tr_1_tl_17_w12" custom="readingOrder {index:11;}">
                    <Coords points="1254,577 1254,637 1306,637 1306,577 1254,577 1254,577 1254,577 1254,577 1254,577 1254,577 1254,577 1254,577"/>
                    <TextEquiv>
                        <Unicode>wwier,</Unicode>
                    </TextEquiv>
                </Word>
                <Word id="tr_1_tl_17_w13" custom="readingOrder {index:12;}">
                    <Coords points="1311,578 1311,638 1324,638 1324,578 1311,578 1311,578 1311,578 1311,578 1311,578 1311,578 1311,578 1311,578"/>
                    <TextEquiv>
                        <Unicode>op</Unicode>
                    </TextEquiv>
                </Word>
                <Word id="tr_1_tl_17_w14" custom="readingOrder {index:13;}">
                    <Coords points="1337,578 1337,638 1377,638 1377,578 1337,578 1337,578 1337,578 1337,578 1337,578 1337,578 1337,578 1337,578"/>
                    <TextEquiv>
                        <Unicode>als,</Unicode>
                    </TextEquiv>
                </Word>
                <Word id="tr_1_tl_17_w15" custom="readingOrder {index:14;}">
                    <Coords points="1383,579 1383,639 1426,639 1426,579 1383,579 1383,579 1383,579 1383,579 1383,579 1383,579 1383,579 1383,579"/>
                    <TextEquiv>
                        <Unicode>belaleg</Unicode>
                    </TextEquiv>
                </Word>
                <Word id="tr_1_tl_17_w16" custom="readingOrder {index:15;}">
                    <Coords points="1435,581 1435,641 1447,641 1447,581 1435,581 1435,581 1435,581 1435,581 1435,581 1435,581 1435,581 1435,581"/>
                    <TextEquiv>
                        <Unicode>gl</Unicode>
                    </TextEquiv>
                </Word>
                <TextEquiv>
                    <Unicode>de enige gebleven, wier blik in neutrale belangstelling door de luchtruimte zwierf, op alles, behalve op</Unicode>
                </TextEquiv>
            </TextLine>
            <TextLine id="tr_1_tl_18" custom="readingOrder {index:9;}">
                <Coords points="791,649 1467,654 1476,613 1442,632 791,639"/>
                <Baseline points="796,648 830,645 864,644 898,643 932,642 966,642 1000,640 1034,639 1068,638 1102,638 1136,638 1170,638 1204,636 1238,634 1272,634 1306,636 1340,636 1374,637 1408,638 1442,640 1476,642"/>
                <Word id="tr_1_tl_18_w1" custom="readingOrder {index:0;}">
                    <Coords points="785,608 785,668 794,668 794,608 785,608 785,608 785,608 785,608 785,608 785,608 785,608 785,608"/>
                    <TextEquiv>
                        <Unicode>te</Unicode>
                    </TextEquiv>
                </Word>
                <Word id="tr_1_tl_18_w2" custom="readingOrder {index:1;}">
                    <Coords points="804,606 804,666 828,666 828,606 804,606 804,606 804,606 804,606 804,606 804,606 804,606 804,606"/>
                    <TextEquiv>
                        <Unicode>bey</Unicode>
                    </TextEquiv>
                </Word>
                <Word id="tr_1_tl_18_w3" custom="readingOrder {index:2;}">
                    <Coords points="839,604 839,664 852,664 852,604 839,604 839,604 839,604 839,604 839,604 839,604 839,604 839,604"/>
                    <TextEquiv>
                        <Unicode>een</Unicode>
                    </TextEquiv>
                </Word>
                <Word id="tr_1_tl_18_w4" custom="readingOrder {index:3;}">
                    <Coords points="862,603 862,663 910,663 910,603 862,603 862,603 862,603 862,603 862,603 862,603 862,603 862,603"/>
                    <TextEquiv>
                        <Unicode>ogenbel</Unicode>
                    </TextEquiv>
                </Word>
                <Word id="tr_1_tl_18_w5" custom="readingOrder {index:4;}">
                    <Coords points="919,602 919,662 981,662 981,602 919,602 919,602 919,602 919,602 919,602 919,602 919,602 919,602"/>
                    <TextEquiv>
                        <Unicode>verporert,</Unicode>
                    </TextEquiv>
                </Word>
                <Word id="tr_1_tl_18_w6" custom="readingOrder {index:5;}">
                    <Coords points="999,599 999,659 1027,659 1027,599 999,599 999,599 999,599 999,599 999,599 999,599 999,599 999,599"/>
                    <TextEquiv>
                        <Unicode>soro</Unicode>
                    </TextEquiv>
                </Word>
                <Word id="tr_1_tl_18_w7" custom="readingOrder {index:6;}">
                    <Coords points="1047,598 1047,658 1106,658 1106,598 1047,598 1047,598 1047,598 1047,598 1047,598 1047,598 1047,598 1047,598"/>
                    <TextEquiv>
                        <Unicode>nanands</Unicode>
                    </TextEquiv>
                </Word>
                <Word id="tr_1_tl_18_w8" custom="readingOrder {index:7;}">
                    <Coords points="1121,598 1121,658 1169,658 1169,598 1121,598 1121,598 1121,598 1121,598 1121,598 1121,598 1121,598 1121,598"/>
                    <TextEquiv>
                        <Unicode>ginel</Unicode>
                    </TextEquiv>
                </Word>
                <Word id="tr_1_tl_18_w9" custom="readingOrder {index:8;}">
                    <Coords points="1182,596 1182,656 1199,656 1199,596 1182,596 1182,596 1182,596 1182,596 1182,596 1182,596 1182,596 1182,596"/>
                    <TextEquiv>
                        <Unicode>uit</Unicode>
                    </TextEquiv>
                </Word>
                <Word id="tr_1_tl_18_w10" custom="readingOrder {index:9;}">
                    <Coords points="1213,594 1213,654 1251,654 1251,594 1213,594 1213,594 1213,594 1213,594 1213,594 1213,594 1213,594 1213,594"/>
                    <TextEquiv>
                        <Unicode>hoofds</Unicode>
                    </TextEquiv>
                </Word>
                <Word id="tr_1_tl_18_w11" custom="readingOrder {index:10;}">
                    <Coords points="1258,594 1258,654 1276,654 1276,594 1258,594 1258,594 1258,594 1258,594 1258,594 1258,594 1258,594 1258,594"/>
                    <TextEquiv>
                        <Unicode>van</Unicode>
                    </TextEquiv>
                </Word>
                <Word id="tr_1_tl_18_w12" custom="readingOrder {index:11;}">
                    <Coords points="1287,596 1287,656 1328,656 1328,596 1287,596 1287,596 1287,596 1287,596 1287,596 1287,596 1287,596 1287,596"/>
                    <TextEquiv>
                        <Unicode>beroep</Unicode>
                    </TextEquiv>
                </Word>
                <Word id="tr_1_tl_18_w13" custom="readingOrder {index:12;}">
                    <Coords points="1343,596 1343,656 1374,656 1374,596 1343,596 1343,596 1343,596 1343,596 1343,596 1343,596 1343,596 1343,596"/>
                    <TextEquiv>
                        <Unicode>koze</Unicode>
                    </TextEquiv>
                </Word>
                <Word id="tr_1_tl_18_w14" custom="readingOrder {index:13;}">
                    <Coords points="1397,598 1397,658 1432,658 1432,598 1397,598 1397,598 1397,598 1397,598 1397,598 1397,598 1397,598 1397,598"/>
                    <TextEquiv>
                        <Unicode>gevelt</Unicode>
                    </TextEquiv>
                </Word>
                <Word id="tr_1_tl_18_w15" custom="readingOrder {index:14;}">
                    <Coords points="1438,600 1438,660 1474,660 1474,600 1438,600 1438,600 1438,600 1438,600 1438,600 1438,600 1438,600 1438,600"/>
                    <TextEquiv>
                        <Unicode>esie</Unicode>
                    </TextEquiv>
                </Word>
                <TextEquiv>
                    <Unicode>de baby een ogenblik verpozend. Terwijl niemands glimlach uit hoofde van beroep zozeer gerechtvaardigd</Unicode>
                </TextEquiv>
            </TextLine>
            <TextLine id="tr_1_tl_19" custom="readingOrder {index:10;}">
                <Coords points="795,674 1299,660 1464,679 1464,645 1424,642 795,654"/>
                <Baseline points="800,664 833,664 866,662 899,660 933,660 966,660 999,660 1033,658 1066,658 1099,658 1133,656 1166,658 1199,656 1232,656 1266,656 1299,657 1332,658 1366,658 1399,658 1432,662 1466,666"/>
                <Word id="tr_1_tl_19_w1" custom="readingOrder {index:0;}">
                    <Coords points="788,624 788,684 801,684 801,624 788,624 788,624 788,624 788,624 788,624 788,624 788,624 788,624"/>
                    <TextEquiv>
                        <Unicode>te</Unicode>
                    </TextEquiv>
                </Word>
                <Word id="tr_1_tl_19_w2" custom="readingOrder {index:1;}">
                    <Coords points="813,624 813,684 825,684 825,624 813,624 813,624 813,624 813,624 813,624 813,624 813,624 813,624"/>
                    <TextEquiv>
                        <Unicode>zij</Unicode>
                    </TextEquiv>
                </Word>
                <Word id="tr_1_tl_19_w3" custom="readingOrder {index:2;}">
                    <Coords points="841,623 841,683 857,683 857,623 841,623 841,623 841,623 841,623 841,623 841,623 841,623 841,623"/>
                    <TextEquiv>
                        <Unicode>all</Unicode>
                    </TextEquiv>
                </Word>
                <Word id="tr_1_tl_19_w4" custom="readingOrder {index:3;}">
                    <Coords points="865,621 865,681 887,681 887,621 865,621 865,621 865,621 865,621 865,621 865,621 865,621 865,621"/>
                    <TextEquiv>
                        <Unicode>gelt</Unicode>
                    </TextEquiv>
                </Word>
                <Word id="tr_1_tl_19_w5" custom="readingOrder {index:4;}">
                    <Coords points="896,620 896,680 905,680 905,620 896,620 896,620 896,620 896,620 896,620 896,620 896,620 896,620"/>
                    <TextEquiv>
                        <Unicode>de</Unicode>
                    </TextEquiv>
                </Word>
                <Word id="tr_1_tl_19_w6" custom="readingOrder {index:5;}">
                    <Coords points="912,620 912,680 933,680 933,620 912,620 912,620 912,620 912,620 912,620 912,620 912,620 912,620"/>
                    <TextEquiv>
                        <Unicode>mijn</Unicode>
                    </TextEquiv>
                </Word>
                <Word id="tr_1_tl_19_w7" custom="readingOrder {index:6;}">
                    <Coords points="958,620 958,680 996,680 996,620 958,620 958,620 958,620 958,620 958,620 958,620 958,620 958,620"/>
                    <TextEquiv>
                        <Unicode>werelk</Unicode>
                    </TextEquiv>
                </Word>
                <Word id="tr_1_tl_19_w8" custom="readingOrder {index:7;}">
                    <Coords points="1009,618 1009,678 1062,678 1062,618 1009,618 1009,618 1009,618 1009,618 1009,618 1009,618 1009,618 1009,618"/>
                    <TextEquiv>
                        <Unicode>nemand</Unicode>
                    </TextEquiv>
                </Word>
                <Word id="tr_1_tl_19_w9" custom="readingOrder {index:8;}">
                    <Coords points="1075,618 1075,678 1093,678 1093,618 1075,618 1075,618 1075,618 1075,618 1075,618 1075,618 1075,618 1075,618"/>
                    <TextEquiv>
                        <Unicode>der</Unicode>
                    </TextEquiv>
                </Word>
                <Word id="tr_1_tl_19_w10" custom="readingOrder {index:9;}">
                    <Coords points="1101,616 1101,676 1161,676 1161,616 1101,616 1101,616 1101,616 1101,616 1101,616 1101,616 1101,616 1101,616"/>
                    <TextEquiv>
                        <Unicode>meelteeden</Unicode>
                    </TextEquiv>
                </Word>
                <Word id="tr_1_tl_19_w11" custom="readingOrder {index:10;}">
                    <Coords points="1175,616 1175,676 1210,676 1210,616 1175,616 1175,616 1175,616 1175,616 1175,616 1175,616 1175,616 1175,616"/>
                    <TextEquiv>
                        <Unicode>zoute</Unicode>
                    </TextEquiv>
                </Word>
                <Word id="tr_1_tl_19_w12" custom="readingOrder {index:11;}">
                    <Coords points="1219,616 1219,676 1244,676 1244,616 1219,616 1219,616 1219,616 1219,616 1219,616 1219,616 1219,616 1219,616"/>
                    <TextEquiv>
                        <Unicode>ders</Unicode>
                    </TextEquiv>
                </Word>
                <Word id="tr_1_tl_19_w13" custom="readingOrder {index:12;}">
                    <Coords points="1261,617 1261,677 1387,677 1387,617 1261,617 1261,617 1261,617 1261,617 1261,617 1261,617 1261,617 1261,617"/>
                    <TextEquiv>
                        <Unicode>onbelangstellende,</Unicode>
                    </TextEquiv>
                </Word>
                <Word id="tr_1_tl_19_w14" custom="readingOrder {index:13;}">
                    <Coords points="1399,622 1399,682 1467,682 1467,622 1399,622 1399,622 1399,622 1399,622 1399,622 1399,622 1399,622 1399,622"/>
                    <TextEquiv>
                        <Unicode>onmedeht</Unicode>
                    </TextEquiv>
                </Word>
                <TextEquiv>
                    <Unicode>zou zijn als juist de mijne. Werkelijk, niemand der inzittenden zou in deze onbelangstellende, onvriendelijke</Unicode>
                </TextEquiv>
            </TextLine>
            <TextLine id="tr_1_tl_20" custom="readingOrder {index:11;}">
                <Coords points="803,691 1398,682 1398,664 1299,661 803,671"/>
                <Baseline points="808,686 837,686 867,685 896,683 926,682 956,682 985,682 1015,682 1044,680 1074,680 1104,678 1133,678 1163,676 1192,678 1222,676 1252,676 1281,674 1311,674 1340,674 1378,676 1412,678"/>
                <Word id="tr_1_tl_20_w1" custom="readingOrder {index:0;}">
                    <Coords points="795,646 795,706 821,706 821,646 795,646 795,646 795,646 795,646 795,646 795,646 795,646 795,646"/>
                    <TextEquiv>
                        <Unicode>ge</Unicode>
                    </TextEquiv>
                </Word>
                <Word id="tr_1_tl_20_w2" custom="readingOrder {index:1;}">
                    <Coords points="844,645 844,705 856,705 856,645 844,645 844,645 844,645 844,645 844,645 844,645 844,645 844,645"/>
                    <TextEquiv>
                        <Unicode>en</Unicode>
                    </TextEquiv>
                </Word>
                <Word id="tr_1_tl_20_w3" custom="readingOrder {index:2;}">
                    <Coords points="869,644 869,704 882,704 882,644 869,644 869,644 869,644 869,644 869,644 869,644 869,644 869,644"/>
                    <TextEquiv>
                        <Unicode>dn</Unicode>
                    </TextEquiv>
                </Word>
                <Word id="tr_1_tl_20_w4" custom="readingOrder {index:3;}">
                    <Coords points="891,642 891,702 936,702 936,642 891,642 891,642 891,642 891,642 891,642 891,642 891,642 891,642"/>
                    <TextEquiv>
                        <Unicode>deroele</Unicode>
                    </TextEquiv>
                </Word>
                <Word id="tr_1_tl_20_w5" custom="readingOrder {index:4;}">
                    <Coords points="945,642 945,702 993,702 993,642 945,642 945,642 945,642 945,642 945,642 945,642 945,642 945,642"/>
                    <TextEquiv>
                        <Unicode>schrijfde</Unicode>
                    </TextEquiv>
                </Word>
                <Word id="tr_1_tl_20_w6" custom="readingOrder {index:5;}">
                    <Coords points="1008,641 1008,701 1037,701 1037,641 1008,641 1008,641 1008,641 1008,641 1008,641 1008,641 1008,641 1008,641"/>
                    <TextEquiv>
                        <Unicode>sebbe</Unicode>
                    </TextEquiv>
                </Word>
                <Word id="tr_1_tl_20_w7" custom="readingOrder {index:6;}">
                    <Coords points="1050,639 1050,699 1106,699 1106,639 1050,639 1050,639 1050,639 1050,639 1050,639 1050,639 1050,639 1050,639"/>
                    <TextEquiv>
                        <Unicode>vermeede</Unicode>
                    </TextEquiv>
                </Word>
                <Word id="tr_1_tl_20_w8" custom="readingOrder {index:7;}">
                    <Coords points="1124,637 1124,697 1172,697 1172,637 1124,637 1124,637 1124,637 1124,637 1124,637 1124,637 1124,637 1124,637"/>
                    <TextEquiv>
                        <Unicode>afgrand</Unicode>
                    </TextEquiv>
                </Word>
                <Word id="tr_1_tl_20_w9" custom="readingOrder {index:8;}">
                    <Coords points="1188,637 1188,697 1200,697 1200,637 1188,637 1188,637 1188,637 1188,637 1188,637 1188,637 1188,637 1188,637"/>
                    <TextEquiv>
                        <Unicode>op</Unicode>
                    </TextEquiv>
                </Word>
                <Word id="tr_1_tl_20_w10" custom="readingOrder {index:9;}">
                    <Coords points="1209,636 1209,696 1217,696 1217,636 1209,636 1209,636 1209,636 1209,636 1209,636 1209,636 1209,636 1209,636"/>
                    <TextEquiv>
                        <Unicode>de</Unicode>
                    </TextEquiv>
                </Word>
                <Word id="tr_1_tl_20_w11" custom="readingOrder {index:10;}">
                    <Coords points="1225,636 1225,696 1253,696 1253,636 1225,636 1225,636 1225,636 1225,636 1225,636 1225,636 1225,636 1225,636"/>
                    <TextEquiv>
                        <Unicode>naam</Unicode>
                    </TextEquiv>
                </Word>
                <Word id="tr_1_tl_20_w12" custom="readingOrder {index:11;}">
                    <Coords points="1273,634 1273,694 1285,694 1285,634 1273,634 1273,634 1273,634 1273,634 1273,634 1273,634 1273,634 1273,634"/>
                    <TextEquiv>
                        <Unicode>de</Unicode>
                    </TextEquiv>
                </Word>
                <Word id="tr_1_tl_20_w13" custom="readingOrder {index:12;}">
                    <Coords points="1313,634 1313,694 1317,694 1317,634 1313,634 1313,634 1313,634 1313,634 1313,634 1313,634 1313,634 1313,634"/>
                    <TextEquiv>
                        <Unicode>m</Unicode>
                    </TextEquiv>
                </Word>
                <Word id="tr_1_tl_20_w14" custom="readingOrder {index:13;}">
                    <Coords points="1339,634 1339,694 1387,694 1387,634 1339,634 1339,634 1339,634 1339,634 1339,634 1339,634 1339,634 1339,634"/>
                    <TextEquiv>
                        <Unicode>women</Unicode>
                    </TextEquiv>
                </Word>
                <TextEquiv>
                    <Unicode>figuur een kinderboekenschrijfster hebben vermoed. Afgaande op de naam die ik mij verworven heb</Unicode>
                </TextEquiv>
            </TextLine>
            <TextLine id="tr_1_tl_22" custom="readingOrder {index:12;}">
                <Coords points="801,716 1388,704 1399,682 802,693"/>
                <Baseline points="806,712 835,710 865,708 895,706 924,706 954,704 984,704 1013,702 1043,702 1073,700 1129,700 1190,699 1259,697 1316,696 1358,694 1402,694 1407,686 1418,686 1414,694 1440,696 1469,697"/>
                <Word id="tr_1_tl_22_w1" custom="readingOrder {index:0;}">
                    <Coords points="794,672 794,732 815,732 815,672 794,672 794,672 794,672 794,672 794,672 794,672 794,672 794,672"/>
                    <TextEquiv>
                        <Unicode>e</Unicode>
                    </TextEquiv>
                </Word>
                <Word id="tr_1_tl_22_w2" custom="readingOrder {index:1;}">
                    <Coords points="837,669 837,729 859,729 859,669 837,669 837,669 837,669 837,669 837,669 837,669 837,669 837,669"/>
                    <TextEquiv>
                        <Unicode>weel</Unicode>
                    </TextEquiv>
                </Word>
                <Word id="tr_1_tl_22_w3" custom="readingOrder {index:2;}">
                    <Coords points="868,667 868,727 890,727 890,667 868,667 868,667 868,667 868,667 868,667 868,667 868,667 868,667"/>
                    <TextEquiv>
                        <Unicode>van</Unicode>
                    </TextEquiv>
                </Word>
                <Word id="tr_1_tl_22_w4" custom="readingOrder {index:3;}">
                    <Coords points="901,666 901,726 926,726 926,666 901,666 901,666 901,666 901,666 901,666 901,666 901,666 901,666"/>
                    <TextEquiv>
                        <Unicode>myn</Unicode>
                    </TextEquiv>
                </Word>
                <Word id="tr_1_tl_22_w5" custom="readingOrder {index:4;}">
                    <Coords points="940,664 940,724 987,724 987,664 940,664 940,664 940,664 940,664 940,664 940,664 940,664 940,664"/>
                    <TextEquiv>
                        <Unicode>weerden</Unicode>
                    </TextEquiv>
                </Word>
                <Word id="tr_1_tl_22_w6" custom="readingOrder {index:5;}">
                    <Coords points="997,662 997,722 1009,722 1009,662 997,662 997,662 997,662 997,662 997,662 997,662 997,662 997,662"/>
                    <TextEquiv>
                        <Unicode>e</Unicode>
                    </TextEquiv>
                </Word>
                <Word id="tr_1_tl_22_w7" custom="readingOrder {index:6;}">
                    <Coords points="1028,661 1028,721 1077,721 1077,661 1028,661 1028,661 1028,661 1028,661 1028,661 1028,661 1028,661 1028,661"/>
                    <TextEquiv>
                        <Unicode>hendeen</Unicode>
                    </TextEquiv>
                </Word>
                <Word id="tr_1_tl_22_w8" custom="readingOrder {index:7;}">
                    <Coords points="1089,660 1089,720 1129,720 1129,660 1089,660 1089,660 1089,660 1089,660 1089,660 1089,660 1089,660 1089,660"/>
                    <TextEquiv>
                        <Unicode>gaame</Unicode>
                    </TextEquiv>
                </Word>
                <Word id="tr_1_tl_22_w9" custom="readingOrder {index:8;}">
                    <Coords points="1142,658 1142,718 1157,718 1157,658 1142,658 1142,658 1142,658 1142,658 1142,658 1142,658 1142,658 1142,658"/>
                    <TextEquiv>
                        <Unicode>en</Unicode>
                    </TextEquiv>
                </Word>
                <Word id="tr_1_tl_22_w10" custom="readingOrder {index:9;}">
                    <Coords points="1166,656 1166,716 1217,716 1217,656 1166,656 1166,656 1166,656 1166,656 1166,656 1166,656 1166,656 1166,656"/>
                    <TextEquiv>
                        <Unicode>avondn</Unicode>
                    </TextEquiv>
                </Word>
                <Word id="tr_1_tl_22_w11" custom="readingOrder {index:10;}">
                    <Coords points="1225,654 1225,714 1283,714 1283,654 1225,654 1225,654 1225,654 1225,654 1225,654 1225,654 1225,654 1225,654"/>
                    <TextEquiv>
                        <Unicode>d</Unicode>
                    </TextEquiv>
                </Word>
                <Word id="tr_1_tl_22_w12" custom="readingOrder {index:11;}">
                    <Coords points="1299,654 1299,714 1321,714 1321,654 1299,654 1299,654 1299,654 1299,654 1299,654 1299,654 1299,654 1299,654"/>
                    <TextEquiv>
                        <Unicode>aen</Unicode>
                    </TextEquiv>
                </Word>
                <Word id="tr_1_tl_22_w13" custom="readingOrder {index:12;}">
                    <Coords points="1343,654 1343,714 1359,714 1359,654 1343,654 1343,654 1343,654 1343,654 1343,654 1343,654 1343,654 1343,654"/>
                    <TextEquiv>
                        <Unicode>e</Unicode>
                    </TextEquiv>
                </Word>
                <Word id="tr_1_tl_22_w14" custom="readingOrder {index:13;}">
                    <Coords points="1375,653 1375,713 1380,713 1380,653 1375,653 1375,653 1375,653 1375,653 1375,653 1375,653 1375,653 1375,653"/>
                    <TextEquiv>
                        <Unicode>d</Unicode>
                    </TextEquiv>
                </Word>
                <TextEquiv>
                    <Unicode>bevelen veel van mijn vrienden hun kinderen gaarne een avond in mijn hoede aan. Men heeft mij dan ook</Unicode>
                </TextEquiv>
            </TextLine>
            <TextLine id="tr_1_tl_23" custom="readingOrder {index:13;}">
                <Coords points="795,730 1449,726 1466,706 795,716"/>
                <Baseline points="800,726 833,726 866,724 900,724 933,724 967,722 1000,723 1033,723 1067,719 1100,718 1134,718 1167,716 1200,716 1234,716 1267,714 1301,712 1334,712 1367,711 1401,710 1434,711 1468,714"/>
                <Word id="tr_1_tl_23_w1" custom="readingOrder {index:0;}">
                    <Coords points="789,686 789,746 827,746 827,686 789,686 789,686 789,686 789,686 789,686 789,686 789,686 789,686"/>
                    <TextEquiv>
                        <Unicode>me</Unicode>
                    </TextEquiv>
                </Word>
                <Word id="tr_1_tl_23_w2" custom="readingOrder {index:1;}">
                    <Coords points="842,685 842,745 852,745 852,685 842,685 842,685 842,685 842,685 842,685 842,685 842,685 842,685"/>
                    <TextEquiv>
                        <Unicode>de</Unicode>
                    </TextEquiv>
                </Word>
                <Word id="tr_1_tl_23_w3" custom="readingOrder {index:2;}">
                    <Coords points="863,684 863,744 907,744 907,684 863,684 863,684 863,684 863,684 863,684 863,684 863,684 863,684"/>
                    <TextEquiv>
                        <Unicode>zenderen</Unicode>
                    </TextEquiv>
                </Word>
                <Word id="tr_1_tl_23_w4" custom="readingOrder {index:3;}">
                    <Coords points="920,684 920,744 940,744 940,684 920,684 920,684 920,684 920,684 920,684 920,684 920,684 920,684"/>
                    <TextEquiv>
                        <Unicode>hef</Unicode>
                    </TextEquiv>
                </Word>
                <Word id="tr_1_tl_23_w5" custom="readingOrder {index:4;}">
                    <Coords points="951,682 951,742 974,742 974,682 951,682 951,682 951,682 951,682 951,682 951,682 951,682 951,682"/>
                    <TextEquiv>
                        <Unicode>men</Unicode>
                    </TextEquiv>
                </Word>
                <Word id="tr_1_tl_23_w6" custom="readingOrder {index:5;}">
                    <Coords points="1045,680 1045,740 1065,740 1065,680 1045,680 1045,680 1045,680 1045,680 1045,680 1045,680 1045,680 1045,680"/>
                    <TextEquiv>
                        <Unicode>zien</Unicode>
                    </TextEquiv>
                </Word>
                <Word id="tr_1_tl_23_w7" custom="readingOrder {index:6;}">
                    <Coords points="1075,678 1075,738 1142,738 1142,678 1075,678 1075,678 1075,678 1075,678 1075,678 1075,678 1075,678 1075,678"/>
                    <TextEquiv>
                        <Unicode>verrorgen,</Unicode>
                    </TextEquiv>
                </Word>
                <Word id="tr_1_tl_23_w8" custom="readingOrder {index:7;}">
                    <Coords points="1151,676 1151,736 1154,736 1154,676 1151,676 1151,676 1151,676 1151,676 1151,676 1151,676 1151,676 1151,676"/>
                    <TextEquiv>
                        <Unicode>e</Unicode>
                    </TextEquiv>
                </Word>
                <Word id="tr_1_tl_23_w9" custom="readingOrder {index:8;}">
                    <Coords points="1163,676 1163,736 1213,736 1213,676 1163,676 1163,676 1163,676 1163,676 1163,676 1163,676 1163,676 1163,676"/>
                    <TextEquiv>
                        <Unicode>bgendeel</Unicode>
                    </TextEquiv>
                </Word>
                <Word id="tr_1_tl_23_w10" custom="readingOrder {index:9;}">
                    <Coords points="1230,675 1230,735 1246,735 1246,675 1230,675 1230,675 1230,675 1230,675 1230,675 1230,675 1230,675 1230,675"/>
                    <TextEquiv>
                        <Unicode>het</Unicode>
                    </TextEquiv>
                </Word>
                <Word id="tr_1_tl_23_w11" custom="readingOrder {index:10;}">
                    <Coords points="1258,673 1258,733 1288,733 1288,673 1258,673 1258,673 1258,673 1258,673 1258,673 1258,673 1258,673 1258,673"/>
                    <TextEquiv>
                        <Unicode>moet</Unicode>
                    </TextEquiv>
                </Word>
                <Word id="tr_1_tl_23_w12" custom="readingOrder {index:11;}">
                    <Coords points="1300,672 1300,732 1326,732 1326,672 1300,672 1300,672 1300,672 1300,672 1300,672 1300,672 1300,672 1300,672"/>
                    <TextEquiv>
                        <Unicode>voor</Unicode>
                    </TextEquiv>
                </Word>
                <Word id="tr_1_tl_23_w13" custom="readingOrder {index:12;}">
                    <Coords points="1341,671 1341,731 1357,731 1357,671 1341,671 1341,671 1341,671 1341,671 1341,671 1341,671 1341,671 1341,671"/>
                    <TextEquiv>
                        <Unicode>ell</Unicode>
                    </TextEquiv>
                </Word>
                <Word id="tr_1_tl_23_w14" custom="readingOrder {index:13;}">
                    <Coords points="1372,670 1372,730 1401,730 1401,670 1372,670 1372,670 1372,670 1372,670 1372,670 1372,670 1372,670 1372,670"/>
                    <TextEquiv>
                        <Unicode>hots</Unicode>
                    </TextEquiv>
                </Word>
                <Word id="tr_1_tl_23_w15" custom="readingOrder {index:14;}">
                    <Coords points="1414,671 1414,731 1470,731 1470,671 1414,671 1414,671 1414,671 1414,671 1414,671 1414,671 1414,671 1414,671"/>
                    <TextEquiv>
                        <Unicode>onderpaat</Unicode>
                    </TextEquiv>
                </Word>
                <TextEquiv>
                    <Unicode>nimmer de kinderen zelfs maar zwijgend zien verzorgen, in tegendeel het moet voor elk trots ouderpaar</Unicode>
                </TextEquiv>
            </TextLine>
            <TextLine id="l_1312" custom="readingOrder {index:14;}">
                <Coords points="805,750 818,750 829,750 845,750 854,750 869,750 885,748 894,748 908,747 925,747 935,747 949,746 962,745 983,747 998,746 1005,738 1021,738 1015,747 1038,746 1053,744 1075,743 1101,742 1122,744 1141,742 1157,741 1168,741 1190,739 1212,737 1247,737 1267,738 1288,738 1297,739 1314,737 1342,738 1365,737 1381,739 1391,739 1409,738 1428,738 1450,739 1451,719 1428,718 1408,718 1391,719 1381,719 1366,717 1342,718 1314,717 1297,719 1289,718 1268,718 1247,717 1211,717 1189,719 1167,721 1156,721 1140,723 1122,724 1101,722 1075,723 1051,724 1036,726 1035,730 1040,722 997,717 991,727 983,727 962,725 948,726 934,727 925,727 908,727 894,728 884,728 868,730 854,730 845,730 829,730 818,730 805,730"/>
                <Baseline points="805,745 818,745 829,745 845,745 854,745 869,745 885,743 894,743 908,742 925,742 935,742 949,741 962,740 983,742 998,741 1005,733 1021,733 1015,742 1038,741 1053,739 1075,738 1101,737 1122,739 1141,737 1157,736 1168,736 1190,734 1212,732 1247,732 1267,733 1288,733 1297,734 1314,732 1342,733 1365,732 1381,734 1391,734 1409,733 1428,733 1450,734"/>
                <TextEquiv>
                    <Unicode>een lust voor de ogen zijn geweest met mijn onfeilbaar inzicht in de kinderziel de voortreffelijkste eigen-</Unicode>
                </TextEquiv>
            </TextLine>
            <TextLine id="tr_1_tl_26" custom="readingOrder {index:15;}">
                <Coords points="816,772 1412,761 1390,736 817,749"/>
                <Baseline points="803,765 850,764 880,763 909,762 939,762 969,762 998,760 1028,760 1058,758 1087,758 1117,756 1147,754 1176,754 1206,752 1236,750 1265,750 1295,750 1325,750 1354,748 1400,748 1452,750"/>
                <Word id="tr_1_tl_26_w1" custom="readingOrder {index:0;}">
                    <Coords points="808,726 808,786 832,786 832,726 808,726 808,726 808,726 808,726 808,726 808,726 808,726 808,726"/>
                    <TextEquiv>
                        <Unicode>eppe</Unicode>
                    </TextEquiv>
                </Word>
                <Word id="tr_1_tl_26_w2" custom="readingOrder {index:1;}">
                    <Coords points="851,723 851,783 862,783 862,723 851,723 851,723 851,723 851,723 851,723 851,723 851,723 851,723"/>
                    <TextEquiv>
                        <Unicode>de</Unicode>
                    </TextEquiv>
                </Word>
                <Word id="tr_1_tl_26_w3" custom="readingOrder {index:2;}">
                    <Coords points="875,722 875,782 894,782 894,722 875,722 875,722 875,722 875,722 875,722 875,722 875,722 875,722"/>
                    <TextEquiv>
                        <Unicode>aen</Unicode>
                    </TextEquiv>
                </Word>
                <Word id="tr_1_tl_26_w4" custom="readingOrder {index:3;}">
                    <Coords points="906,722 906,782 912,782 912,722 906,722 906,722 906,722 906,722 906,722 906,722 906,722 906,722"/>
                    <TextEquiv>
                        <Unicode>m</Unicode>
                    </TextEquiv>
                </Word>
                <Word id="tr_1_tl_26_w5" custom="readingOrder {index:4;}">
                    <Coords points="1113,715 1113,775 1124,775 1124,715 1113,715 1113,715 1113,715 1113,715 1113,715 1113,715 1113,715 1113,715"/>
                    <TextEquiv>
                        <Unicode>e</Unicode>
                    </TextEquiv>
                </Word>
                <Word id="tr_1_tl_26_w6" custom="readingOrder {index:5;}">
                    <Coords points="1155,714 1155,774 1195,774 1195,714 1155,714 1155,714 1155,714 1155,714 1155,714 1155,714 1155,714 1155,714"/>
                    <TextEquiv>
                        <Unicode>unnen</Unicode>
                    </TextEquiv>
                </Word>
                <Word id="tr_1_tl_26_w7" custom="readingOrder {index:6;}">
                    <Coords points="1206,711 1206,771 1228,771 1228,711 1206,711 1206,711 1206,711 1206,711 1206,711 1206,711 1206,711 1206,711"/>
                    <TextEquiv>
                        <Unicode>den</Unicode>
                    </TextEquiv>
                </Word>
                <Word id="tr_1_tl_26_w8" custom="readingOrder {index:7;}">
                    <Coords points="1243,710 1243,770 1265,770 1265,710 1243,710 1243,710 1243,710 1243,710 1243,710 1243,710 1243,710 1243,710"/>
                    <TextEquiv>
                        <Unicode>ae</Unicode>
                    </TextEquiv>
                </Word>
                <Word id="tr_1_tl_26_w9" custom="readingOrder {index:8;}">
                    <Coords points="1281,710 1281,770 1351,770 1351,710 1281,710 1281,710 1281,710 1281,710 1281,710 1281,710 1281,710 1281,710"/>
                    <TextEquiv>
                        <Unicode>wedervarn</Unicode>
                    </TextEquiv>
                </Word>
                <Word id="tr_1_tl_26_w10" custom="readingOrder {index:9;}">
                    <Coords points="1379,708 1379,768 1406,768 1406,708 1379,708 1379,708 1379,708 1379,708 1379,708 1379,708 1379,708 1379,708"/>
                    <TextEquiv>
                        <Unicode>Men</Unicode>
                    </TextEquiv>
                </Word>
                <TextEquiv>
                    <Unicode>schappen der aan mij toevertrouwde kleinen hun recht kunnen doen laten wedervaren. Men heeft</Unicode>
                </TextEquiv>
            </TextLine>
            <TextLine id="tr_1_tl_27" custom="readingOrder {index:16;}">
                <Coords points="817,791 1413,779 1414,758 817,771"/>
                <Baseline points="805,780 851,780 881,778 911,780 940,778 970,778 1000,778 1029,778 1059,776 1089,774 1119,774 1148,774 1178,772 1208,770 1237,770 1267,770 1297,770 1326,766 1356,766 1405,765 1446,766"/>
                <Word id="tr_1_tl_27_w1" custom="readingOrder {index:0;}">
                    <Coords points="809,739 809,799 817,799 817,739 809,739 809,739 809,739 809,739 809,739 809,739 809,739 809,739"/>
                    <TextEquiv>
                        <Unicode>in</Unicode>
                    </TextEquiv>
                </Word>
                <Word id="tr_1_tl_27_w2" custom="readingOrder {index:1;}">
                    <Coords points="833,739 833,799 895,799 895,739 833,739 833,739 833,739 833,739 833,739 833,739 833,739 833,739"/>
                    <TextEquiv>
                        <Unicode>aanleding</Unicode>
                    </TextEquiv>
                </Word>
                <Word id="tr_1_tl_27_w3" custom="readingOrder {index:2;}">
                    <Coords points="909,738 909,798 948,798 948,738 909,738 909,738 909,738 909,738 909,738 909,738 909,738 909,738"/>
                    <TextEquiv>
                        <Unicode>daaroe</Unicode>
                    </TextEquiv>
                </Word>
                <Word id="tr_1_tl_27_w4" custom="readingOrder {index:3;}">
                    <Coords points="968,738 968,798 972,798 972,738 968,738 968,738 968,738 968,738 968,738 968,738 968,738 968,738"/>
                    <TextEquiv>
                        <Unicode>m</Unicode>
                    </TextEquiv>
                </Word>
                <Word id="tr_1_tl_27_w5" custom="readingOrder {index:4;}">
                    <Coords points="993,738 993,798 1023,798 1023,738 993,738 993,738 993,738 993,738 993,738 993,738 993,738 993,738"/>
                    <TextEquiv>
                        <Unicode>altijs</Unicode>
                    </TextEquiv>
                </Word>
                <Word id="tr_1_tl_27_w6" custom="readingOrder {index:5;}">
                    <Coords points="1033,737 1033,797 1048,797 1048,737 1033,737 1033,737 1033,737 1033,737 1033,737 1033,737 1033,737 1033,737"/>
                    <TextEquiv>
                        <Unicode>tot</Unicode>
                    </TextEquiv>
                </Word>
                <Word id="tr_1_tl_27_w7" custom="readingOrder {index:6;}">
                    <Coords points="1057,735 1057,795 1072,795 1072,735 1057,735 1057,735 1057,735 1057,735 1057,735 1057,735 1057,735 1057,735"/>
                    <TextEquiv>
                        <Unicode>het</Unicode>
                    </TextEquiv>
                </Word>
                <Word id="tr_1_tl_27_w8" custom="readingOrder {index:7;}">
                    <Coords points="1080,734 1080,794 1109,794 1109,734 1080,734 1080,734 1080,734 1080,734 1080,734 1080,734 1080,734 1080,734"/>
                    <TextEquiv>
                        <Unicode>maat</Unicode>
                    </TextEquiv>
                </Word>
                <Word id="tr_1_tl_27_w9" custom="readingOrder {index:8;}">
                    <Coords points="1121,734 1121,794 1147,794 1147,734 1121,734 1121,734 1121,734 1121,734 1121,734 1121,734 1121,734 1121,734"/>
                    <TextEquiv>
                        <Unicode>schap</Unicode>
                    </TextEquiv>
                </Word>
                <Word id="tr_1_tl_27_w10" custom="readingOrder {index:9;}">
                    <Coords points="1157,732 1157,792 1178,792 1178,732 1157,732 1157,732 1157,732 1157,732 1157,732 1157,732 1157,732 1157,732"/>
                    <TextEquiv>
                        <Unicode>met</Unicode>
                    </TextEquiv>
                </Word>
                <Word id="tr_1_tl_27_w11" custom="readingOrder {index:10;}">
                    <Coords points="1188,730 1188,790 1228,790 1228,730 1188,730 1188,730 1188,730 1188,730 1188,730 1188,730 1188,730 1188,730"/>
                    <TextEquiv>
                        <Unicode>varmt</Unicode>
                    </TextEquiv>
                </Word>
                <Word id="tr_1_tl_27_w12" custom="readingOrder {index:11;}">
                    <Coords points="1244,730 1244,790 1265,790 1265,730 1244,730 1244,730 1244,730 1244,730 1244,730 1244,730 1244,730 1244,730"/>
                    <TextEquiv>
                        <Unicode>aan</Unicode>
                    </TextEquiv>
                </Word>
                <Word id="tr_1_tl_27_w13" custom="readingOrder {index:12;}">
                    <Coords points="1272,729 1272,789 1334,789 1334,729 1272,729 1272,729 1272,729 1272,729 1272,729 1272,729 1272,729 1272,729"/>
                    <TextEquiv>
                        <Unicode>gemeedigd</Unicode>
                    </TextEquiv>
                </Word>
                <Word id="tr_1_tl_27_w14" custom="readingOrder {index:13;}">
                    <Coords points="1354,726 1354,786 1366,786 1366,726 1354,726 1354,726 1354,726 1354,726 1354,726 1354,726 1354,726 1354,726"/>
                    <TextEquiv>
                        <Unicode>en</Unicode>
                    </TextEquiv>
                </Word>
                <TextEquiv>
                    <Unicode>naar aanleiding daarvan mij altijd tot het moederschap met warmte aangemoedigd en men heeft</Unicode>
                </TextEquiv>
            </TextLine>
            <TextLine id="tr_1_tl_28" custom="readingOrder {index:17;} blackening {offset:43; length:6;} textStyle {offset:43; length:6;strikethrough:true;} sic {offset:53; length:9;}">
                <Coords points="795,802 1198,805 1440,778 795,782"/>
                <Baseline points="800,798 832,798 864,798 896,796 928,796 960,796 992,796 1024,796 1056,794 1088,795 1120,793 1152,791 1184,790 1216,790 1248,789 1280,788 1312,787 1344,786 1376,786 1408,784 1440,786"/>
                <Word id="tr_1_tl_28_w1" custom="readingOrder {index:0;}">
                    <Coords points="790,758 790,818 807,818 807,758 790,758 790,758 790,758 790,758 790,758 790,758 790,758 790,758"/>
                    <TextEquiv>
                        <Unicode>les</Unicode>
                    </TextEquiv>
                </Word>
                <Word id="tr_1_tl_28_w2" custom="readingOrder {index:1;}">
                    <Coords points="816,758 816,818 845,818 845,758 816,758 816,758 816,758 816,758 816,758 816,758 816,758 816,758"/>
                    <TextEquiv>
                        <Unicode>allys</Unicode>
                    </TextEquiv>
                </Word>
                <Word id="tr_1_tl_28_w3" custom="readingOrder {index:2;}">
                    <Coords points="860,757 860,817 873,817 873,757 860,757 860,757 860,757 860,757 860,757 860,757 860,757 860,757"/>
                    <TextEquiv>
                        <Unicode>by</Unicode>
                    </TextEquiv>
                </Word>
                <Word id="tr_1_tl_28_w4" custom="readingOrder {index:3;}">
                    <Coords points="886,756 886,816 934,816 934,756 886,756 886,756 886,756 886,756 886,756 886,756 886,756 886,756"/>
                    <TextEquiv>
                        <Unicode>konaal</Unicode>
                    </TextEquiv>
                </Word>
                <Word id="tr_1_tl_28_w5" custom="readingOrder {index:4;}">
                    <Coords points="951,756 951,816 990,816 990,756 951,756 951,756 951,756 951,756 951,756 951,756 951,756 951,756"/>
                    <TextEquiv>
                        <Unicode>ed</Unicode>
                    </TextEquiv>
                </Word>
                <Word id="tr_1_tl_28_w6" custom="readingOrder {index:5;}">
                    <Coords points="1000,756 1000,816 1034,816 1034,756 1000,756 1000,756 1000,756 1000,756 1000,756 1000,756 1000,756 1000,756"/>
                    <TextEquiv>
                        <Unicode>indien</Unicode>
                    </TextEquiv>
                </Word>
                <Word id="tr_1_tl_28_w7" custom="readingOrder {index:6;}">
                    <Coords points="1044,754 1044,814 1058,814 1058,754 1044,754 1044,754 1044,754 1044,754 1044,754 1044,754 1044,754 1044,754"/>
                    <TextEquiv>
                        <Unicode>te</Unicode>
                    </TextEquiv>
                </Word>
                <Word id="tr_1_tl_28_w8" custom="readingOrder {index:7;}">
                    <Coords points="1150,750 1150,810 1215,810 1215,750 1150,750 1150,750 1150,750 1150,750 1150,750 1150,750 1150,750 1150,750"/>
                    <TextEquiv>
                        <Unicode>asdegoge</Unicode>
                    </TextEquiv>
                </Word>
                <Word id="tr_1_tl_28_w9" custom="readingOrder {index:8;}">
                    <Coords points="1226,749 1226,809 1244,809 1244,749 1226,749 1226,749 1226,749 1226,749 1226,749 1226,749 1226,749 1226,749"/>
                    <TextEquiv>
                        <Unicode>als</Unicode>
                    </TextEquiv>
                </Word>
                <Word id="tr_1_tl_28_w10" custom="readingOrder {index:9;}">
                    <Coords points="1253,748 1253,808 1263,808 1263,748 1253,748 1253,748 1253,748 1253,748 1253,748 1253,748 1253,748 1253,748"/>
                    <TextEquiv>
                        <Unicode>is</Unicode>
                    </TextEquiv>
                </Word>
                <Word id="tr_1_tl_28_w11" custom="readingOrder {index:10;}">
                    <Coords points="1283,747 1283,807 1313,807 1313,747 1283,747 1283,747 1283,747 1283,747 1283,747 1283,747 1283,747 1283,747"/>
                    <TextEquiv>
                        <Unicode>voor</Unicode>
                    </TextEquiv>
                </Word>
                <Word id="tr_1_tl_28_w12" custom="readingOrder {index:11;}">
                    <Coords points="1328,746 1328,806 1342,806 1342,746 1328,746 1328,746 1328,746 1328,746 1328,746 1328,746 1328,746 1328,746"/>
                    <TextEquiv>
                        <Unicode>de</Unicode>
                    </TextEquiv>
                </Word>
                <Word id="tr_1_tl_28_w13" custom="readingOrder {index:12;}">
                    <Coords points="1353,746 1353,806 1399,806 1399,746 1353,746 1353,746 1353,746 1353,746 1353,746 1353,746 1353,746 1353,746"/>
                    <TextEquiv>
                        <Unicode>weeld</Unicode>
                    </TextEquiv>
                </Word>
                <Word id="tr_1_tl_28_w14" custom="readingOrder {index:13;}">
                    <Coords points="1418,745 1418,805 1438,805 1438,745 1418,745 1418,745 1418,745 1418,745 1418,745 1418,745 1418,745 1418,745"/>
                    <TextEquiv>
                        <Unicode>als</Unicode>
                    </TextEquiv>
                </Word>
                <TextEquiv>
                    <Unicode>het altijd bij voorbaat betreurd indien zo iemand 'n paedagoge als ik voor de wereld als</Unicode>
                </TextEquiv>
            </TextLine>
            <TextLine id="tr_1_tl_29" custom="readingOrder {index:18;}">
                <Coords points="795,819 1452,810 1404,786 796,810"/>
                <Baseline points="800,816 832,815 865,815 898,814 930,814 963,814 996,814 1028,812 1061,812 1094,812 1127,810 1159,810 1192,809 1225,807 1257,806 1290,805 1323,804 1355,803 1388,804 1421,800 1454,804"/>
                <Word id="tr_1_tl_29_w1" custom="readingOrder {index:0;}">
                    <Coords points="788,775 788,835 826,835 826,775 788,775 788,775 788,775 788,775 788,775 788,775 788,775 788,775"/>
                    <TextEquiv>
                        <Unicode>mader</Unicode>
                    </TextEquiv>
                </Word>
                <Word id="tr_1_tl_29_w2" custom="readingOrder {index:1;}">
                    <Coords points="838,775 838,835 870,835 870,775 838,775 838,775 838,775 838,775 838,775 838,775 838,775 838,775"/>
                    <TextEquiv>
                        <Unicode>verlov</Unicode>
                    </TextEquiv>
                </Word>
                <Word id="tr_1_tl_29_w3" custom="readingOrder {index:2;}">
                    <Coords points="887,774 887,834 903,834 903,774 887,774 887,774 887,774 887,774 887,774 887,774 887,774 887,774"/>
                    <TextEquiv>
                        <Unicode>zoo</Unicode>
                    </TextEquiv>
                </Word>
                <Word id="tr_1_tl_29_w4" custom="readingOrder {index:3;}">
                    <Coords points="911,774 911,834 930,834 930,774 911,774 911,774 911,774 911,774 911,774 911,774 911,774 911,774"/>
                    <TextEquiv>
                        <Unicode>gee</Unicode>
                    </TextEquiv>
                </Word>
                <Word id="tr_1_tl_29_w5" custom="readingOrder {index:4;}">
                    <Coords points="961,774 961,834 995,834 995,774 961,774 961,774 961,774 961,774 961,774 961,774 961,774 961,774"/>
                    <TextEquiv>
                        <Unicode>waer</Unicode>
                    </TextEquiv>
                </Word>
                <Word id="tr_1_tl_29_w6" custom="readingOrder {index:5;}">
                    <Coords points="1005,773 1005,833 1012,833 1012,773 1005,773 1005,773 1005,773 1005,773 1005,773 1005,773 1005,773 1005,773"/>
                    <TextEquiv>
                        <Unicode>m</Unicode>
                    </TextEquiv>
                </Word>
                <Word id="tr_1_tl_29_w7" custom="readingOrder {index:6;}">
                    <Coords points="1041,772 1041,832 1073,832 1073,772 1041,772 1041,772 1041,772 1041,772 1041,772 1041,772 1041,772 1041,772"/>
                    <TextEquiv>
                        <Unicode>heeft</Unicode>
                    </TextEquiv>
                </Word>
                <Word id="tr_1_tl_29_w8" custom="readingOrder {index:7;}">
                    <Coords points="1085,771 1085,831 1108,831 1108,771 1085,771 1085,771 1085,771 1085,771 1085,771 1085,771 1085,771 1085,771"/>
                    <TextEquiv>
                        <Unicode>noo</Unicode>
                    </TextEquiv>
                </Word>
                <Word id="tr_1_tl_29_w9" custom="readingOrder {index:8;}">
                    <Coords points="1131,770 1131,830 1182,830 1182,770 1131,770 1131,770 1131,770 1131,770 1131,770 1131,770 1131,770 1131,770"/>
                    <TextEquiv>
                        <Unicode>gee,</Unicode>
                    </TextEquiv>
                </Word>
                <Word id="tr_1_tl_29_w10" custom="readingOrder {index:9;}">
                    <Coords points="1187,768 1187,828 1200,828 1200,768 1187,768 1187,768 1187,768 1187,768 1187,768 1187,768 1187,768 1187,768"/>
                    <TextEquiv>
                        <Unicode>do</Unicode>
                    </TextEquiv>
                </Word>
                <Word id="tr_1_tl_29_w11" custom="readingOrder {index:10;}">
                    <Coords points="1212,767 1212,827 1225,827 1225,767 1212,767 1212,767 1212,767 1212,767 1212,767 1212,767 1212,767 1212,767"/>
                    <TextEquiv>
                        <Unicode>na</Unicode>
                    </TextEquiv>
                </Word>
                <Word id="tr_1_tl_29_w12" custom="readingOrder {index:11;}">
                    <Coords points="1238,766 1238,826 1255,826 1255,766 1238,766 1238,766 1238,766 1238,766 1238,766 1238,766 1238,766 1238,766"/>
                    <TextEquiv>
                        <Unicode>het</Unicode>
                    </TextEquiv>
                </Word>
                <Word id="tr_1_tl_29_w13" custom="readingOrder {index:12;}">
                    <Coords points="1264,765 1264,825 1302,825 1302,765 1264,765 1264,765 1264,765 1264,765 1264,765 1264,765 1264,765 1264,765"/>
                    <TextEquiv>
                        <Unicode>verhel</Unicode>
                    </TextEquiv>
                </Word>
                <Word id="tr_1_tl_29_w14" custom="readingOrder {index:13;}">
                    <Coords points="1313,764 1313,824 1332,824 1332,764 1313,764 1313,764 1313,764 1313,764 1313,764 1313,764 1313,764 1313,764"/>
                    <TextEquiv>
                        <Unicode>der</Unicode>
                    </TextEquiv>
                </Word>
                <Word id="tr_1_tl_29_w15" custom="readingOrder {index:14;}">
                    <Coords points="1343,763 1343,823 1396,823 1396,763 1343,763 1343,763 1343,763 1343,763 1343,763 1343,763 1343,763 1343,763"/>
                    <TextEquiv>
                        <Unicode>ondert,</Unicode>
                    </TextEquiv>
                </Word>
                <Word id="tr_1_tl_29_w16" custom="readingOrder {index:15;}">
                    <Coords points="1408,760 1408,820 1420,820 1420,760 1408,760 1408,760 1408,760 1408,760 1408,760 1408,760 1408,760 1408,760"/>
                    <TextEquiv>
                        <Unicode>de</Unicode>
                    </TextEquiv>
                </Word>
                <Word id="tr_1_tl_29_w17" custom="readingOrder {index:16;}">
                    <Coords points="1432,762 1432,822 1446,822 1446,762 1432,762 1432,762 1432,762 1432,762 1432,762 1432,762 1432,762 1432,762"/>
                    <TextEquiv>
                        <Unicode>ae</Unicode>
                    </TextEquiv>
                </Word>
                <TextEquiv>
                    <Unicode>moeder verloren zou gaan. Maar men heeft nooit gezien, hoe na het vertrek der ouders, de aan</Unicode>
                </TextEquiv>
            </TextLine>
            <TextLine id="tr_1_tl_30" custom="readingOrder {index:19;}">
                <Coords points="797,835 1456,843 1472,798 797,824"/>
                <Baseline points="802,832 835,834 869,834 902,834 936,832 969,832 1003,831 1036,830 1070,830 1103,830 1137,830 1170,828 1204,828 1237,826 1271,826 1304,825 1338,824 1371,824 1405,822 1438,824 1472,828"/>
                <Word id="tr_1_tl_30_w1" custom="readingOrder {index:0;}">
                    <Coords points="791,792 791,852 815,852 815,792 791,792 791,792 791,792 791,792 791,792 791,792 791,792 791,792"/>
                    <TextEquiv>
                        <Unicode>myn</Unicode>
                    </TextEquiv>
                </Word>
                <Word id="tr_1_tl_30_w2" custom="readingOrder {index:1;}">
                    <Coords points="825,794 825,854 859,854 859,794 825,794 825,794 825,794 825,794 825,794 825,794 825,794 825,794"/>
                    <TextEquiv>
                        <Unicode>genal</Unicode>
                    </TextEquiv>
                </Word>
                <Word id="tr_1_tl_30_w3" custom="readingOrder {index:2;}">
                    <Coords points="876,793 876,853 953,853 953,793 876,793 876,793 876,793 876,793 876,793 876,793 876,793 876,793"/>
                    <TextEquiv>
                        <Unicode>overgeleede</Unicode>
                    </TextEquiv>
                </Word>
                <Word id="tr_1_tl_30_w4" custom="readingOrder {index:3;}">
                    <Coords points="966,791 966,851 1002,851 1002,791 966,791 966,791 966,791 966,791 966,791 966,791 966,791 966,791"/>
                    <TextEquiv>
                        <Unicode>linder</Unicode>
                    </TextEquiv>
                </Word>
                <Word id="tr_1_tl_30_w5" custom="readingOrder {index:4;}">
                    <Coords points="1029,790 1029,850 1083,850 1083,790 1029,790 1029,790 1029,790 1029,790 1029,790 1029,790 1029,790 1029,790"/>
                    <TextEquiv>
                        <Unicode>ondets</Unicode>
                    </TextEquiv>
                </Word>
                <Word id="tr_1_tl_30_w6" custom="readingOrder {index:5;}">
                    <Coords points="1100,790 1100,850 1121,850 1121,790 1100,790 1100,790 1100,790 1100,790 1100,790 1100,790 1100,790 1100,790"/>
                    <TextEquiv>
                        <Unicode>hef</Unicode>
                    </TextEquiv>
                </Word>
                <Word id="tr_1_tl_30_w7" custom="readingOrder {index:6;}">
                    <Coords points="1133,789 1133,849 1161,849 1161,789 1133,789 1133,789 1133,789 1133,789 1133,789 1133,789 1133,789 1133,789"/>
                    <TextEquiv>
                        <Unicode>poli</Unicode>
                    </TextEquiv>
                </Word>
                <Word id="tr_1_tl_30_w8" custom="readingOrder {index:7;}">
                    <Coords points="1179,788 1179,848 1190,848 1190,788 1179,788 1179,788 1179,788 1179,788 1179,788 1179,788 1179,788 1179,788"/>
                    <TextEquiv>
                        <Unicode>en</Unicode>
                    </TextEquiv>
                </Word>
                <Word id="tr_1_tl_30_w9" custom="readingOrder {index:8;}">
                    <Coords points="1204,786 1204,846 1253,846 1253,786 1204,786 1204,786 1204,786 1204,786 1204,786 1204,786 1204,786 1204,786"/>
                    <TextEquiv>
                        <Unicode>daarna</Unicode>
                    </TextEquiv>
                </Word>
                <Word id="tr_1_tl_30_w10" custom="readingOrder {index:9;}">
                    <Coords points="1269,785 1269,845 1321,845 1321,785 1269,785 1269,785 1269,785 1269,785 1269,785 1269,785 1269,785 1269,785"/>
                    <TextEquiv>
                        <Unicode>spaedig</Unicode>
                    </TextEquiv>
                </Word>
                <Word id="tr_1_tl_30_w11" custom="readingOrder {index:10;}">
                    <Coords points="1341,783 1341,843 1406,843 1406,783 1341,783 1341,783 1341,783 1341,783 1341,783 1341,783 1341,783 1341,783"/>
                    <TextEquiv>
                        <Unicode>opdesende</Unicode>
                    </TextEquiv>
                </Word>
                <Word id="tr_1_tl_30_w12" custom="readingOrder {index:11;}">
                    <Coords points="1417,783 1417,843 1457,843 1457,783 1417,783 1417,783 1417,783 1417,783 1417,783 1417,783 1417,783 1417,783"/>
                    <TextEquiv>
                        <Unicode>hanen</Unicode>
                    </TextEquiv>
                </Word>
                <TextEquiv>
                    <Unicode>mijn genade overgeleverde kinderen, ondanks lief gevlei en daarna spoedig opdagende tranen der kleinen</Unicode>
                </TextEquiv>
            </TextLine>
            <TextLine id="tr_1_tl_31" custom="readingOrder {index:20;} add {offset:29; length:6;}">
                <Coords points="795,862 1439,846 1414,827 795,836"/>
                <Baseline points="800,852 832,853 864,852 896,852 928,852 995,851 998,841 1025,841 1011,850 1088,848 1120,847 1152,846 1184,845 1216,844 1248,844 1280,843 1312,842 1344,842 1376,842 1408,842 1440,842"/>
                <Word id="tr_1_tl_31_w1" custom="readingOrder {index:0;}">
                    <Coords points="788,812 788,872 825,872 825,812 788,812 788,812 788,812 788,812 788,812 788,812 788,812 788,812"/>
                    <TextEquiv>
                        <Unicode>zonder</Unicode>
                    </TextEquiv>
                </Word>
                <Word id="tr_1_tl_31_w2" custom="readingOrder {index:1;}">
                    <Coords points="841,812 841,872 863,872 863,812 841,812 841,812 841,812 841,812 841,812 841,812 841,812 841,812"/>
                    <TextEquiv>
                        <Unicode>eng</Unicode>
                    </TextEquiv>
                </Word>
                <Word id="tr_1_tl_31_w3" custom="readingOrder {index:2;}">
                    <Coords points="876,812 876,872 923,872 923,812 876,812 876,812 876,812 876,812 876,812 876,812 876,812 876,812"/>
                    <TextEquiv>
                        <Unicode>ve</Unicode>
                    </TextEquiv>
                </Word>
                <Word id="tr_1_tl_31_w4" custom="readingOrder {index:3;}">
                    <Coords points="949,810 949,870 996,870 996,810 949,810 949,810 949,810 949,810 949,810 949,810 949,810 949,810"/>
                    <TextEquiv>
                        <Unicode>voorde</Unicode>
                    </TextEquiv>
                </Word>
                <Word id="tr_1_tl_31_w5" custom="readingOrder {index:4;}">
                    <Coords points="1004,808 1004,868 1042,868 1042,808 1004,808 1004,808 1004,808 1004,808 1004,808 1004,808 1004,808 1004,808"/>
                    <TextEquiv>
                        <Unicode>kede</Unicode>
                    </TextEquiv>
                </Word>
                <Word id="tr_1_tl_31_w6" custom="readingOrder {index:5;}">
                    <Coords points="1059,807 1059,867 1148,867 1148,807 1059,807 1059,807 1059,807 1059,807 1059,807 1059,807 1059,807 1059,807"/>
                    <TextEquiv>
                        <Unicode>weggeweelt,</Unicode>
                    </TextEquiv>
                </Word>
                <Word id="tr_1_tl_31_w7" custom="readingOrder {index:6;}">
                    <Coords points="1169,805 1169,865 1183,865 1183,805 1169,805 1169,805 1169,805 1169,805 1169,805 1169,805 1169,805 1169,805"/>
                    <TextEquiv>
                        <Unicode>en</Unicode>
                    </TextEquiv>
                </Word>
                <Word id="tr_1_tl_31_w8" custom="readingOrder {index:7;}">
                    <Coords points="1197,804 1197,864 1221,864 1221,804 1197,804 1197,804 1197,804 1197,804 1197,804 1197,804 1197,804 1197,804"/>
                    <TextEquiv>
                        <Unicode>das</Unicode>
                    </TextEquiv>
                </Word>
                <Word id="tr_1_tl_31_w9" custom="readingOrder {index:8;}">
                    <Coords points="1236,803 1236,863 1268,863 1268,803 1236,803 1236,803 1236,803 1236,803 1236,803 1236,803 1236,803 1236,803"/>
                    <TextEquiv>
                        <Unicode>hete</Unicode>
                    </TextEquiv>
                </Word>
                <Word id="tr_1_tl_31_w10" custom="readingOrder {index:9;}">
                    <Coords points="1288,802 1288,862 1309,862 1309,802 1288,802 1288,802 1288,802 1288,802 1288,802 1288,802 1288,802 1288,802"/>
                    <TextEquiv>
                        <Unicode>vae</Unicode>
                    </TextEquiv>
                </Word>
                <Word id="tr_1_tl_31_w11" custom="readingOrder {index:10;}">
                    <Coords points="1324,802 1324,862 1372,862 1372,802 1324,802 1324,802 1324,802 1324,802 1324,802 1324,802 1324,802 1324,802"/>
                    <TextEquiv>
                        <Unicode>dinnen</Unicode>
                    </TextEquiv>
                </Word>
                <Word id="tr_1_tl_31_w12" custom="readingOrder {index:11;}">
                    <Coords points="1389,802 1389,862 1410,862 1410,802 1389,802 1389,802 1389,802 1389,802 1389,802 1389,802 1389,802 1389,802"/>
                    <TextEquiv>
                        <Unicode>my</Unicode>
                    </TextEquiv>
                </Word>
                <Word id="tr_1_tl_31_w13" custom="readingOrder {index:12;}">
                    <Coords points="1422,802 1422,862 1442,862 1442,802 1422,802 1422,802 1422,802 1422,802 1422,802 1422,802 1422,802 1422,802"/>
                    <TextEquiv>
                        <Unicode>hen</Unicode>
                    </TextEquiv>
                </Word>
                <TextEquiv>
                    <Unicode>zonder enig verklarend woord in bed werden weggewerkt. En hoe trotse vriendinnen mij hun</Unicode>
                </TextEquiv>
            </TextLine>
            <TextLine id="tr_1_tl_32" custom="readingOrder {index:21;}">
                <Coords points="799,882 1464,870 1453,841 800,859"/>
                <Baseline points="804,874 837,872 870,872 903,870 936,870 969,870 1002,870 1035,869 1068,868 1101,868 1135,868 1168,864 1201,862 1234,862 1267,862 1300,862 1333,861 1366,860 1399,860 1432,860 1466,860"/>
                <Word id="tr_1_tl_32_w1" custom="readingOrder {index:0;}">
                    <Coords points="794,832 794,892 849,892 849,832 794,832 794,832 794,832 794,832 794,832 794,832 794,832 794,832"/>
                    <TextEquiv>
                        <Unicode>pasgeboe</Unicode>
                    </TextEquiv>
                </Word>
                <Word id="tr_1_tl_32_w2" custom="readingOrder {index:1;}">
                    <Coords points="874,830 874,890 911,890 911,830 874,830 874,830 874,830 874,830 874,830 874,830 874,830 874,830"/>
                    <TextEquiv>
                        <Unicode>babiss</Unicode>
                    </TextEquiv>
                </Word>
                <Word id="tr_1_tl_32_w3" custom="readingOrder {index:2;}">
                    <Coords points="925,830 925,890 966,890 966,830 925,830 925,830 925,830 925,830 925,830 925,830 925,830 925,830"/>
                    <TextEquiv>
                        <Unicode>tonens</Unicode>
                    </TextEquiv>
                </Word>
                <Word id="tr_1_tl_32_w4" custom="readingOrder {index:3;}">
                    <Coords points="980,830 980,890 1008,890 1008,830 980,830 980,830 980,830 980,830 980,830 980,830 980,830 980,830"/>
                    <TextEquiv>
                        <Unicode>mijn</Unicode>
                    </TextEquiv>
                </Word>
                <Word id="tr_1_tl_32_w5" custom="readingOrder {index:4;}">
                    <Coords points="1020,828 1020,888 1086,888 1086,828 1020,828 1020,828 1020,828 1020,828 1020,828 1020,828 1020,828 1020,828"/>
                    <TextEquiv>
                        <Unicode>ploteeling</Unicode>
                    </TextEquiv>
                </Word>
                <Word id="tr_1_tl_32_w6" custom="readingOrder {index:5;}">
                    <Coords points="1099,828 1099,888 1130,888 1130,828 1099,828 1099,828 1099,828 1099,828 1099,828 1099,828 1099,828 1099,828"/>
                    <TextEquiv>
                        <Unicode>weer</Unicode>
                    </TextEquiv>
                </Word>
                <Word id="tr_1_tl_32_w7" custom="readingOrder {index:6;}">
                    <Coords points="1146,825 1146,885 1166,885 1166,825 1146,825 1146,825 1146,825 1146,825 1146,825 1146,825 1146,825 1146,825"/>
                    <TextEquiv>
                        <Unicode>tot</Unicode>
                    </TextEquiv>
                </Word>
                <Word id="tr_1_tl_32_w8" custom="readingOrder {index:7;}">
                    <Coords points="1181,822 1181,882 1224,882 1224,822 1181,822 1181,822 1181,822 1181,822 1181,822 1181,822 1181,822 1181,822"/>
                    <TextEquiv>
                        <Unicode>starre</Unicode>
                    </TextEquiv>
                </Word>
                <Word id="tr_1_tl_32_w9" custom="readingOrder {index:8;}">
                    <Coords points="1239,822 1239,882 1342,882 1342,822 1239,822 1239,822 1239,822 1239,822 1239,822 1239,822 1239,822 1239,822"/>
                    <TextEquiv>
                        <Unicode>onquitersse</Unicode>
                    </TextEquiv>
                </Word>
                <Word id="tr_1_tl_32_w10" custom="readingOrder {index:9;}">
                    <Coords points="1359,820 1359,880 1394,880 1394,820 1359,820 1359,820 1359,820 1359,820 1359,820 1359,820 1359,820 1359,820"/>
                    <TextEquiv>
                        <Unicode>daed</Unicode>
                    </TextEquiv>
                </Word>
                <Word id="tr_1_tl_32_w11" custom="readingOrder {index:10;}">
                    <Coords points="1409,820 1409,880 1459,880 1459,820 1409,820 1409,820 1409,820 1409,820 1409,820 1409,820 1409,820 1409,820"/>
                    <TextEquiv>
                        <Unicode>afgelief</Unicode>
                    </TextEquiv>
                </Word>
                <TextEquiv>
                    <Unicode>pasgeboren babies tonend mijn plotseling weer tot starre ongeintresseerdheid afgeknapte</Unicode>
                </TextEquiv>
            </TextLine>
            <TextLine id="tr_1_tl_33" custom="readingOrder {index:22;}">
                <Coords points="801,899 1428,889 1428,870 1380,864 802,880"/>
                <Baseline points="806,894 837,892 868,891 899,890 930,891 962,891 993,890 1024,889 1055,888 1086,887 1118,886 1149,885 1180,884 1211,884 1242,883 1274,882 1305,882 1336,880 1367,880 1398,880 1430,878"/>
                <Word id="tr_1_tl_33_w1" custom="readingOrder {index:0;}">
                    <Coords points="796,853 796,913 844,913 844,853 796,853 796,853 796,853 796,853 796,853 796,853 796,853 796,853"/>
                    <TextEquiv>
                        <Unicode>gldael</Unicode>
                    </TextEquiv>
                </Word>
                <Word id="tr_1_tl_33_w2" custom="readingOrder {index:1;}">
                    <Coords points="859,850 859,910 890,910 890,850 859,850 859,850 859,850 859,850 859,850 859,850 859,850 859,850"/>
                    <TextEquiv>
                        <Unicode>soude</Unicode>
                    </TextEquiv>
                </Word>
                <Word id="tr_1_tl_33_w3" custom="readingOrder {index:2;}">
                    <Coords points="906,850 906,910 940,910 940,850 906,850 906,850 906,850 906,850 906,850 906,850 906,850 906,850"/>
                    <TextEquiv>
                        <Unicode>hebben</Unicode>
                    </TextEquiv>
                </Word>
                <Word id="tr_1_tl_33_w4" custom="readingOrder {index:3;}">
                    <Coords points="951,850 951,910 997,910 997,850 951,850 951,850 951,850 951,850 951,850 951,850 951,850 951,850"/>
                    <TextEquiv>
                        <Unicode>geien,</Unicode>
                    </TextEquiv>
                </Word>
                <Word id="tr_1_tl_33_w5" custom="readingOrder {index:4;}">
                    <Coords points="1006,848 1006,908 1045,908 1045,848 1006,848 1006,848 1006,848 1006,848 1006,848 1006,848 1006,848 1006,848"/>
                    <TextEquiv>
                        <Unicode>ladde</Unicode>
                    </TextEquiv>
                </Word>
                <Word id="tr_1_tl_33_w6" custom="readingOrder {index:5;}">
                    <Coords points="1058,847 1058,907 1071,907 1071,847 1058,847 1058,847 1058,847 1058,847 1058,847 1058,847 1058,847 1058,847"/>
                    <TextEquiv>
                        <Unicode>zy</Unicode>
                    </TextEquiv>
                </Word>
                <Word id="tr_1_tl_33_w7" custom="readingOrder {index:6;}">
                    <Coords points="1085,846 1085,906 1126,906 1126,846 1085,846 1085,846 1085,846 1085,846 1085,846 1085,846 1085,846 1085,846"/>
                    <TextEquiv>
                        <Unicode>elelte</Unicode>
                    </TextEquiv>
                </Word>
                <Word id="tr_1_tl_33_w8" custom="readingOrder {index:7;}">
                    <Coords points="1145,844 1145,904 1225,904 1225,844 1145,844 1145,844 1145,844 1145,844 1145,844 1145,844 1145,844 1145,844"/>
                    <TextEquiv>
                        <Unicode>onwelde</Unicode>
                    </TextEquiv>
                </Word>
                <Word id="tr_1_tl_33_w9" custom="readingOrder {index:8;}">
                    <Coords points="1242,842 1242,902 1262,902 1262,842 1242,842 1242,842 1242,842 1242,842 1242,842 1242,842 1242,842 1242,842"/>
                    <TextEquiv>
                        <Unicode>ven</Unicode>
                    </TextEquiv>
                </Word>
                <Word id="tr_1_tl_33_w10" custom="readingOrder {index:9;}">
                    <Coords points="1276,842 1276,902 1295,902 1295,842 1276,842 1276,842 1276,842 1276,842 1276,842 1276,842 1276,842 1276,842"/>
                    <TextEquiv>
                        <Unicode>het</Unicode>
                    </TextEquiv>
                </Word>
                <Word id="tr_1_tl_33_w11" custom="readingOrder {index:10;}">
                    <Coords points="1304,840 1304,900 1365,900 1365,840 1304,840 1304,840 1304,840 1304,840 1304,840 1304,840 1304,840 1304,840"/>
                    <TextEquiv>
                        <Unicode>voorwerp</Unicode>
                    </TextEquiv>
                </Word>
                <Word id="tr_1_tl_33_w12" custom="readingOrder {index:11;}">
                    <Coords points="1380,840 1380,900 1403,900 1403,840 1380,840 1380,840 1380,840 1380,840 1380,840 1380,840 1380,840 1380,840"/>
                    <TextEquiv>
                        <Unicode>hun</Unicode>
                    </TextEquiv>
                </Word>
                <TextEquiv>
                    <Unicode>glimlach zouden hebben gezien, hadden zij slechts onverhoeds van het voorwerp hunner</Unicode>
                </TextEquiv>
            </TextLine>
            <TextLine id="tr_1_tl_34" custom="readingOrder {index:23;}">
                <Coords points="801,914 834,914 843,919 864,912 871,919 890,922 913,912 918,917 932,915 932,901 914,894 873,900 837,895 827,900 821,896 801,902"/>
                <Baseline points="806,912 831,910 857,911 882,914 908,910 934,908"/>
                <Word id="tr_1_tl_34_w1" custom="readingOrder {index:0;}">
                    <Coords points="798,870 798,930 855,930 855,870 798,870 798,870 798,870 798,870 798,870 798,870 798,870 798,870"/>
                    <TextEquiv>
                        <Unicode>adorctis</Unicode>
                    </TextEquiv>
                </Word>
                <Word id="tr_1_tl_34_w2" custom="readingOrder {index:1;}">
                    <Coords points="870,871 870,931 929,931 929,871 870,871 870,871 870,871 870,871 870,871 870,871 870,871 870,871"/>
                    <TextEquiv>
                        <Unicode>opgeleden</Unicode>
                    </TextEquiv>
                </Word>
                <TextEquiv>
                    <Unicode>adoratie opgekeken.</Unicode>
                </TextEquiv>
            </TextLine>
            <TextEquiv>
                <Unicode></Unicode>
            </TextEquiv>
        </TextRegion>
        <TextRegion id="r_3403" custom="readingOrder {index:4;} structure {type:paragraph;}">
            <Coords points="792,915 792,1180 1476,1180 1476,915"/>
            <TextLine id="tr_1_tl_35" custom="readingOrder {index:0;}">
                <Coords points="796,934 1452,931 1452,897 1310,893 797,915"/>
                <Baseline points="802,924 834,926 867,925 899,924 932,925 965,924 997,924 1030,924 1062,922 1095,922 1128,922 1160,921 1193,920 1225,920 1258,919 1291,918 1323,918 1356,918 1388,918 1421,918 1454,918"/>
                <Word id="tr_1_tl_35_w1" custom="readingOrder {index:0;}">
                    <Coords points="788,884 788,944 811,944 811,884 788,884 788,884 788,884 788,884 788,884 788,884 788,884 788,884"/>
                    <TextEquiv>
                        <Unicode>Men</Unicode>
                    </TextEquiv>
                </Word>
                <Word id="tr_1_tl_35_w2" custom="readingOrder {index:1;}">
                    <Coords points="819,885 819,945 835,945 835,885 819,885 819,885 819,885 819,885 819,885 819,885 819,885 819,885"/>
                    <TextEquiv>
                        <Unicode>een</Unicode>
                    </TextEquiv>
                </Word>
                <Word id="tr_1_tl_35_w3" custom="readingOrder {index:2;}">
                    <Coords points="849,885 849,945 866,945 866,885 849,885 849,885 849,885 849,885 849,885 849,885 849,885 849,885"/>
                    <TextEquiv>
                        <Unicode>my</Unicode>
                    </TextEquiv>
                </Word>
                <Word id="tr_1_tl_35_w4" custom="readingOrder {index:3;}">
                    <Coords points="879,884 879,944 923,944 923,884 879,884 879,884 879,884 879,884 879,884 879,884 879,884 879,884"/>
                    <TextEquiv>
                        <Unicode>umen</Unicode>
                    </TextEquiv>
                </Word>
                <Word id="tr_1_tl_35_w5" custom="readingOrder {index:4;}">
                    <Coords points="935,884 935,944 977,944 977,884 935,884 935,884 935,884 935,884 935,884 935,884 935,884 935,884"/>
                    <TextEquiv>
                        <Unicode>verwije</Unicode>
                    </TextEquiv>
                </Word>
                <Word id="tr_1_tl_35_w6" custom="readingOrder {index:5;}">
                    <Coords points="998,884 998,944 1020,944 1020,884 998,884 998,884 998,884 998,884 998,884 998,884 998,884 998,884"/>
                    <TextEquiv>
                        <Unicode>dat</Unicode>
                    </TextEquiv>
                </Word>
                <Word id="tr_1_tl_35_w7" custom="readingOrder {index:6;}">
                    <Coords points="1029,883 1029,943 1037,943 1037,883 1029,883 1029,883 1029,883 1029,883 1029,883 1029,883 1029,883 1029,883"/>
                    <TextEquiv>
                        <Unicode>is</Unicode>
                    </TextEquiv>
                </Word>
                <Word id="tr_1_tl_35_w8" custom="readingOrder {index:7;}">
                    <Coords points="1050,882 1050,942 1067,942 1067,882 1050,882 1050,882 1050,882 1050,882 1050,882 1050,882 1050,882 1050,882"/>
                    <TextEquiv>
                        <Unicode>nie</Unicode>
                    </TextEquiv>
                </Word>
                <Word id="tr_1_tl_35_w9" custom="readingOrder {index:8;}">
                    <Coords points="1083,882 1083,942 1103,942 1103,882 1083,882 1083,882 1083,882 1083,882 1083,882 1083,882 1083,882 1083,882"/>
                    <TextEquiv>
                        <Unicode>ver</Unicode>
                    </TextEquiv>
                </Word>
                <Word id="tr_1_tl_35_w10" custom="readingOrder {index:9;}">
                    <Coords points="1116,881 1116,941 1170,941 1170,881 1116,881 1116,881 1116,881 1116,881 1116,881 1116,881 1116,881 1116,881"/>
                    <TextEquiv>
                        <Unicode>Anderen</Unicode>
                    </TextEquiv>
                </Word>
                <Word id="tr_1_tl_35_w11" custom="readingOrder {index:10;}">
                    <Coords points="1188,880 1188,940 1232,940 1232,880 1188,880 1188,880 1188,880 1188,880 1188,880 1188,880 1188,880 1188,880"/>
                    <TextEquiv>
                        <Unicode>hous,</Unicode>
                    </TextEquiv>
                </Word>
                <Word id="tr_1_tl_35_w12" custom="readingOrder {index:11;}">
                    <Coords points="1243,878 1243,938 1296,938 1296,878 1243,878 1243,878 1243,878 1243,878 1243,878 1243,878 1243,878 1243,878"/>
                    <TextEquiv>
                        <Unicode>evenwel</Unicode>
                    </TextEquiv>
                </Word>
                <Word id="tr_1_tl_35_w13" custom="readingOrder {index:12;}">
                    <Coords points="1305,878 1305,938 1323,938 1323,878 1305,878 1305,878 1305,878 1305,878 1305,878 1305,878 1305,878 1305,878"/>
                    <TextEquiv>
                        <Unicode>het</Unicode>
                    </TextEquiv>
                </Word>
                <Word id="tr_1_tl_35_w14" custom="readingOrder {index:13;}">
                    <Coords points="1333,878 1333,938 1363,938 1363,878 1333,878 1333,878 1333,878 1333,878 1333,878 1333,878 1333,878 1333,878"/>
                    <TextEquiv>
                        <Unicode>tegen</Unicode>
                    </TextEquiv>
                </Word>
                <Word id="tr_1_tl_35_w15" custom="readingOrder {index:14;}">
                    <Coords points="1369,878 1369,938 1392,938 1392,878 1369,878 1369,878 1369,878 1369,878 1369,878 1369,878 1369,878 1369,878"/>
                    <TextEquiv>
                        <Unicode>dees</Unicode>
                    </TextEquiv>
                </Word>
                <Word id="tr_1_tl_35_w16" custom="readingOrder {index:15;}">
                    <Coords points="1398,878 1398,938 1407,938 1407,878 1398,878 1398,878 1398,878 1398,878 1398,878 1398,878 1398,878 1398,878"/>
                    <TextEquiv>
                        <Unicode>in</Unicode>
                    </TextEquiv>
                </Word>
                <Word id="tr_1_tl_35_w17" custom="readingOrder {index:16;}">
                    <Coords points="1415,878 1415,938 1438,938 1438,878 1415,878 1415,878 1415,878 1415,878 1415,878 1415,878 1415,878 1415,878"/>
                    <TextEquiv>
                        <Unicode>woa</Unicode>
                    </TextEquiv>
                </Word>
                <TextEquiv>
                    <Unicode>Men zou mij kunnen verwijten dat ik niet van kinderen houd, evenwel het tegendeel is waar!</Unicode>
                </TextEquiv>
            </TextLine>
            <TextLine id="tr_1_tl_36" custom="readingOrder {index:1;}">
                <Coords points="801,950 1438,941 1325,921 801,933"/>
                <Baseline points="806,946 837,944 869,944 901,944 932,944 964,944 996,942 1027,942 1059,940 1091,940 1123,940 1154,940 1186,940 1218,939 1249,938 1281,938 1313,936 1344,936 1376,936 1408,936 1440,936"/>
                <Word id="tr_1_tl_36_w1" custom="readingOrder {index:0;}">
                    <Coords points="817,904 817,964 832,964 832,904 817,904 817,904 817,904 817,904 817,904 817,904 817,904 817,904"/>
                    <TextEquiv>
                        <Unicode>tel</Unicode>
                    </TextEquiv>
                </Word>
                <Word id="tr_1_tl_36_w2" custom="readingOrder {index:1;}">
                    <Coords points="844,904 844,964 869,964 869,904 844,904 844,904 844,904 844,904 844,904 844,904 844,904 844,904"/>
                    <TextEquiv>
                        <Unicode>zelfs</Unicode>
                    </TextEquiv>
                </Word>
                <Word id="tr_1_tl_36_w3" custom="readingOrder {index:2;}">
                    <Coords points="881,904 881,964 905,964 905,904 881,904 881,904 881,904 881,904 881,904 881,904 881,904 881,904"/>
                    <TextEquiv>
                        <Unicode>min</Unicode>
                    </TextEquiv>
                </Word>
                <Word id="tr_1_tl_36_w4" custom="readingOrder {index:3;}">
                    <Coords points="1009,901 1009,961 1046,961 1046,901 1009,901 1009,901 1009,901 1009,901 1009,901 1009,901 1009,901 1009,901"/>
                    <TextEquiv>
                        <Unicode>maal</Unicode>
                    </TextEquiv>
                </Word>
                <Word id="tr_1_tl_36_w5" custom="readingOrder {index:4;}">
                    <Coords points="1061,900 1061,960 1099,960 1099,900 1061,900 1061,900 1061,900 1061,900 1061,900 1061,900 1061,900 1061,900"/>
                    <TextEquiv>
                        <Unicode>kume</Unicode>
                    </TextEquiv>
                </Word>
                <Word id="tr_1_tl_36_w6" custom="readingOrder {index:5;}">
                    <Coords points="1123,900 1123,960 1186,960 1186,900 1123,900 1123,900 1123,900 1123,900 1123,900 1123,900 1123,900 1123,900"/>
                    <TextEquiv>
                        <Unicode>bedwngen</Unicode>
                    </TextEquiv>
                </Word>
                <Word id="tr_1_tl_36_w7" custom="readingOrder {index:6;}">
                    <Coords points="1204,898 1204,958 1247,958 1247,898 1204,898 1204,898 1204,898 1204,898 1204,898 1204,898 1204,898 1204,898"/>
                    <TextEquiv>
                        <Unicode>tijders</Unicode>
                    </TextEquiv>
                </Word>
                <Word id="tr_1_tl_36_w8" custom="readingOrder {index:7;}">
                    <Coords points="1263,898 1263,958 1276,958 1276,898 1263,898 1263,898 1263,898 1263,898 1263,898 1263,898 1263,898 1263,898"/>
                    <TextEquiv>
                        <Unicode>de</Unicode>
                    </TextEquiv>
                </Word>
                <Word id="tr_1_tl_36_w9" custom="readingOrder {index:8;}">
                    <Coords points="1288,896 1288,956 1334,956 1334,896 1288,896 1288,896 1288,896 1288,896 1288,896 1288,896 1288,896 1288,896"/>
                    <TextEquiv>
                        <Unicode>bijnde</Unicode>
                    </TextEquiv>
                </Word>
                <Word id="tr_1_tl_36_w10" custom="readingOrder {index:9;}">
                    <Coords points="1348,896 1348,956 1373,956 1373,896 1348,896 1348,896 1348,896 1348,896 1348,896 1348,896 1348,896 1348,896"/>
                    <TextEquiv>
                        <Unicode>het</Unicode>
                    </TextEquiv>
                </Word>
                <Word id="tr_1_tl_36_w11" custom="readingOrder {index:10;}">
                    <Coords points="1389,896 1389,956 1411,956 1411,896 1389,896 1389,896 1389,896 1389,896 1389,896 1389,896 1389,896 1389,896"/>
                    <TextEquiv>
                        <Unicode>van</Unicode>
                    </TextEquiv>
                </Word>
                <Word id="tr_1_tl_36_w12" custom="readingOrder {index:11;}">
                    <Coords points="1427,896 1427,956 1443,956 1443,896 1427,896 1427,896 1427,896 1427,896 1427,896 1427,896 1427,896 1427,896"/>
                    <TextEquiv>
                        <Unicode>an</Unicode>
                    </TextEquiv>
                </Word>
                <TextEquiv>
                    <Unicode>Ik heb zelfs mijn ergernis met moeite kunnen bedwingen tijdens de bijtende spot van een</Unicode>
                </TextEquiv>
            </TextLine>
            <TextLine id="tr_1_tl_37" custom="readingOrder {index:2;}">
                <Coords points="799,969 1429,965 1436,940 799,954"/>
                <Baseline points="804,964 835,964 867,962 899,962 930,962 962,962 994,962 1025,962 1057,960 1089,960 1121,960 1152,959 1184,958 1216,957 1247,956 1279,957 1311,956 1342,954 1374,954 1406,954 1438,954"/>
                <Word id="tr_1_tl_37_w1" custom="readingOrder {index:0;}">
                    <Coords points="792,924 792,984 826,984 826,924 792,924 792,924 792,924 792,924 792,924 792,924 792,924 792,924"/>
                    <TextEquiv>
                        <Unicode>mynen</Unicode>
                    </TextEquiv>
                </Word>
                <Word id="tr_1_tl_37_w2" custom="readingOrder {index:1;}">
                    <Coords points="840,922 840,982 904,982 904,922 840,922 840,922 840,922 840,922 840,922 840,922 840,922 840,922"/>
                    <TextEquiv>
                        <Unicode>guode</Unicode>
                    </TextEquiv>
                </Word>
                <Word id="tr_1_tl_37_w3" custom="readingOrder {index:2;}">
                    <Coords points="919,922 919,982 942,982 942,922 919,922 919,922 919,922 919,922 919,922 919,922 919,922 919,922"/>
                    <TextEquiv>
                        <Unicode>van</Unicode>
                    </TextEquiv>
                </Word>
                <Word id="tr_1_tl_37_w4" custom="readingOrder {index:3;}">
                    <Coords points="952,922 952,982 992,982 992,922 952,922 952,922 952,922 952,922 952,922 952,922 952,922 952,922"/>
                    <TextEquiv>
                        <Unicode>dennen</Unicode>
                    </TextEquiv>
                </Word>
                <Word id="tr_1_tl_37_w5" custom="readingOrder {index:4;}">
                    <Coords points="1011,922 1011,982 1032,982 1032,922 1011,922 1011,922 1011,922 1011,922 1011,922 1011,922 1011,922 1011,922"/>
                    <TextEquiv>
                        <Unicode>ove</Unicode>
                    </TextEquiv>
                </Word>
                <Word id="tr_1_tl_37_w6" custom="readingOrder {index:5;}">
                    <Coords points="1045,920 1045,980 1055,980 1055,920 1045,920 1045,920 1045,920 1045,920 1045,920 1045,920 1045,920 1045,920"/>
                    <TextEquiv>
                        <Unicode>de</Unicode>
                    </TextEquiv>
                </Word>
                <Word id="tr_1_tl_37_w7" custom="readingOrder {index:6;}">
                    <Coords points="1070,920 1070,980 1091,980 1091,920 1070,920 1070,920 1070,920 1070,920 1070,920 1070,920 1070,920 1070,920"/>
                    <TextEquiv>
                        <Unicode>gew</Unicode>
                    </TextEquiv>
                </Word>
                <Word id="tr_1_tl_37_w8" custom="readingOrder {index:7;}">
                    <Coords points="1117,918 1117,978 1188,978 1188,918 1117,918 1117,918 1117,918 1117,918 1117,918 1117,918 1117,918 1117,918"/>
                    <TextEquiv>
                        <Unicode>verzueltig</Unicode>
                    </TextEquiv>
                </Word>
                <Word id="tr_1_tl_37_w9" custom="readingOrder {index:8;}">
                    <Coords points="1200,917 1200,977 1217,977 1217,917 1200,917 1200,917 1200,917 1200,917 1200,917 1200,917 1200,917 1200,917"/>
                    <TextEquiv>
                        <Unicode>het</Unicode>
                    </TextEquiv>
                </Word>
                <Word id="tr_1_tl_37_w10" custom="readingOrder {index:9;}">
                    <Coords points="1227,916 1227,976 1309,976 1309,916 1227,916 1227,916 1227,916 1227,916 1227,916 1227,916 1227,916 1227,916"/>
                    <TextEquiv>
                        <Unicode>moederschap</Unicode>
                    </TextEquiv>
                </Word>
                <Word id="tr_1_tl_37_w11" custom="readingOrder {index:10;}">
                    <Coords points="1327,914 1327,974 1353,974 1353,914 1327,914 1327,914 1327,914 1327,914 1327,914 1327,914 1327,914 1327,914"/>
                    <TextEquiv>
                        <Unicode>van</Unicode>
                    </TextEquiv>
                </Word>
                <Word id="tr_1_tl_37_w12" custom="readingOrder {index:11;}">
                    <Coords points="1373,914 1373,974 1390,974 1390,914 1373,914 1373,914 1373,914 1373,914 1373,914 1373,914 1373,914 1373,914"/>
                    <TextEquiv>
                        <Unicode>een</Unicode>
                    </TextEquiv>
                </Word>
                <Word id="tr_1_tl_37_w13" custom="readingOrder {index:12;}">
                    <Coords points="1411,914 1411,974 1434,974 1434,914 1411,914 1411,914 1411,914 1411,914 1411,914 1411,914 1411,914 1411,914"/>
                    <TextEquiv>
                        <Unicode>ons</Unicode>
                    </TextEquiv>
                </Word>
                <TextEquiv>
                    <Unicode>mijner vrijgevochten vriendinnen over de geuite verzuchting tot moederschap van een ons</Unicode>
                </TextEquiv>
            </TextLine>
            <TextLine id="tr_1_tl_38" custom="readingOrder {index:3;}">
                <Coords points="799,993 1434,979 1364,955 799,969"/>
                <Baseline points="804,984 835,982 867,982 898,980 930,982 962,982 993,982 1025,980 1056,980 1088,980 1120,979 1151,978 1183,978 1214,977 1246,976 1278,975 1309,976 1341,976 1372,974 1404,974 1436,974"/>
                <Word id="tr_1_tl_38_w1" custom="readingOrder {index:0;}">
                    <Coords points="792,942 792,1002 861,1002 861,942 792,942 792,942 792,942 792,942 792,942 792,942 792,942 792,942"/>
                    <TextEquiv>
                        <Unicode>welkelende</Unicode>
                    </TextEquiv>
                </Word>
                <Word id="tr_1_tl_38_w2" custom="readingOrder {index:1;}">
                    <Coords points="875,940 875,1000 904,1000 904,940 875,940 875,940 875,940 875,940 875,940 875,940 875,940 875,940"/>
                    <TextEquiv>
                        <Unicode>jonge</Unicode>
                    </TextEquiv>
                </Word>
                <Word id="tr_1_tl_38_w3" custom="readingOrder {index:2;}">
                    <Coords points="915,942 915,1002 948,1002 948,942 915,942 915,942 915,942 915,942 915,942 915,942 915,942 915,942"/>
                    <TextEquiv>
                        <Unicode>vrouw</Unicode>
                    </TextEquiv>
                </Word>
                <Word id="tr_1_tl_38_w4" custom="readingOrder {index:3;}">
                    <Coords points="985,941 985,1001 1032,1001 1032,941 985,941 985,941 985,941 985,941 985,941 985,941 985,941 985,941"/>
                    <TextEquiv>
                        <Unicode>waarom</Unicode>
                    </TextEquiv>
                </Word>
                <Word id="tr_1_tl_38_w5" custom="readingOrder {index:4;}">
                    <Coords points="1050,940 1050,1000 1069,1000 1069,940 1050,940 1050,940 1050,940 1050,940 1050,940 1050,940 1050,940 1050,940"/>
                    <TextEquiv>
                        <Unicode>on</Unicode>
                    </TextEquiv>
                </Word>
                <Word id="tr_1_tl_38_w6" custom="readingOrder {index:5;}">
                    <Coords points="1083,939 1083,999 1096,999 1096,939 1083,939 1083,939 1083,939 1083,939 1083,939 1083,939 1083,939 1083,939"/>
                    <TextEquiv>
                        <Unicode>de</Unicode>
                    </TextEquiv>
                </Word>
                <Word id="tr_1_tl_38_w7" custom="readingOrder {index:6;}">
                    <Coords points="1121,938 1121,998 1146,998 1146,938 1121,938 1121,938 1121,938 1121,938 1121,938 1121,938 1121,938 1121,938"/>
                    <TextEquiv>
                        <Unicode>Jong</Unicode>
                    </TextEquiv>
                </Word>
                <Word id="tr_1_tl_38_w8" custom="readingOrder {index:7;}">
                    <Coords points="1164,938 1164,998 1198,998 1198,938 1164,938 1164,938 1164,938 1164,938 1164,938 1164,938 1164,938 1164,938"/>
                    <TextEquiv>
                        <Unicode>vouw</Unicode>
                    </TextEquiv>
                </Word>
                <Word id="tr_1_tl_38_w9" custom="readingOrder {index:8;}">
                    <Coords points="1305,935 1305,995 1398,995 1398,935 1305,935 1305,935 1305,935 1305,935 1305,935 1305,935 1305,935 1305,935"/>
                    <TextEquiv>
                        <Unicode>radehoehtg</Unicode>
                    </TextEquiv>
                </Word>
                <Word id="tr_1_tl_38_w10" custom="readingOrder {index:9;}">
                    <Coords points="1411,934 1411,994 1415,994 1415,934 1411,934 1411,934 1411,934 1411,934 1411,934 1411,934 1411,934 1411,934"/>
                    <TextEquiv>
                        <Unicode>v</Unicode>
                    </TextEquiv>
                </Word>
                <TextEquiv>
                    <Unicode>welbekende jonge vrouw. Waarom zou deze jonge vrouw uit een mij raadselachtige valse</Unicode>
                </TextEquiv>
            </TextLine>
            <TextLine id="tr_1_tl_39" custom="readingOrder {index:4;}">
                <Coords points="805,1009 1445,1007 1446,980 805,992"/>
                <Baseline points="810,1004 841,1002 873,1002 905,1000 937,1000 969,1000 1001,1000 1033,1000 1065,998 1097,998 1129,997 1160,995 1192,994 1224,993 1256,992 1288,993 1320,991 1352,990 1384,990 1416,990 1448,992"/>
                <Word id="tr_1_tl_39_w1" custom="readingOrder {index:0;}">
                    <Coords points="798,963 798,1023 848,1023 848,963 798,963 798,963 798,963 798,963 798,963 798,963 798,963 798,963"/>
                    <TextEquiv>
                        <Unicode>sdaamt</Unicode>
                    </TextEquiv>
                </Word>
                <Word id="tr_1_tl_39_w2" custom="readingOrder {index:1;}">
                    <Coords points="871,961 871,1021 882,1021 882,961 871,961 871,961 871,961 871,961 871,961 871,961 871,961 871,961"/>
                    <TextEquiv>
                        <Unicode>ds</Unicode>
                    </TextEquiv>
                </Word>
                <Word id="tr_1_tl_39_w3" custom="readingOrder {index:2;}">
                    <Coords points="896,960 896,1020 947,1020 947,960 896,960 896,960 896,960 896,960 896,960 896,960 896,960 896,960"/>
                    <TextEquiv>
                        <Unicode>doepsten</Unicode>
                    </TextEquiv>
                </Word>
                <Word id="tr_1_tl_39_w4" custom="readingOrder {index:3;}">
                    <Coords points="964,960 964,1020 981,1020 981,960 964,960 964,960 964,960 964,960 964,960 964,960 964,960 964,960"/>
                    <TextEquiv>
                        <Unicode>des</Unicode>
                    </TextEquiv>
                </Word>
                <Word id="tr_1_tl_39_w5" custom="readingOrder {index:4;}">
                    <Coords points="992,960 992,1020 1032,1020 1032,960 992,960 992,960 992,960 992,960 992,960 992,960 992,960 992,960"/>
                    <TextEquiv>
                        <Unicode>natvee</Unicode>
                    </TextEquiv>
                </Word>
                <Word id="tr_1_tl_39_w6" custom="readingOrder {index:5;}">
                    <Coords points="1047,958 1047,1018 1069,1018 1069,958 1047,958 1047,958 1047,958 1047,958 1047,958 1047,958 1047,958 1047,958"/>
                    <TextEquiv>
                        <Unicode>met</Unicode>
                    </TextEquiv>
                </Word>
                <Word id="tr_1_tl_39_w7" custom="readingOrder {index:6;}">
                    <Coords points="1080,957 1080,1017 1116,1017 1116,957 1080,957 1080,957 1080,957 1080,957 1080,957 1080,957 1080,957 1080,957"/>
                    <TextEquiv>
                        <Unicode>grern</Unicode>
                    </TextEquiv>
                </Word>
                <Word id="tr_1_tl_39_w8" custom="readingOrder {index:7;}">
                    <Coords points="1130,954 1130,1014 1202,1014 1202,954 1130,954 1130,954 1130,954 1130,954 1130,954 1130,954 1130,954 1130,954"/>
                    <TextEquiv>
                        <Unicode>mmachting</Unicode>
                    </TextEquiv>
                </Word>
                <Word id="tr_1_tl_39_w9" custom="readingOrder {index:8;}">
                    <Coords points="1214,952 1214,1012 1255,1012 1255,952 1214,952 1214,952 1214,952 1214,952 1214,952 1214,952 1214,952 1214,952"/>
                    <TextEquiv>
                        <Unicode>moeter</Unicode>
                    </TextEquiv>
                </Word>
                <Word id="tr_1_tl_39_w10" custom="readingOrder {index:9;}">
                    <Coords points="1264,952 1264,1012 1297,1012 1297,952 1264,952 1264,952 1264,952 1264,952 1264,952 1264,952 1264,952 1264,952"/>
                    <TextEquiv>
                        <Unicode>worn</Unicode>
                    </TextEquiv>
                </Word>
                <Word id="tr_1_tl_39_w11" custom="readingOrder {index:10;}">
                    <Coords points="1335,950 1335,1010 1355,1010 1355,950 1335,950 1335,950 1335,950 1335,950 1335,950 1335,950 1335,950 1335,950"/>
                    <TextEquiv>
                        <Unicode>de</Unicode>
                    </TextEquiv>
                </Word>
                <Word id="tr_1_tl_39_w12" custom="readingOrder {index:11;}">
                    <Coords points="1368,950 1368,1010 1377,1010 1377,950 1368,950 1368,950 1368,950 1368,950 1368,950 1368,950 1368,950 1368,950"/>
                    <TextEquiv>
                        <Unicode>en</Unicode>
                    </TextEquiv>
                </Word>
                <Word id="tr_1_tl_39_w13" custom="readingOrder {index:12;}">
                    <Coords points="1395,950 1395,1010 1448,1010 1448,950 1395,950 1395,950 1395,950 1395,950 1395,950 1395,950 1395,950 1395,950"/>
                    <TextEquiv>
                        <Unicode>dezelfde</Unicode>
                    </TextEquiv>
                </Word>
                <TextEquiv>
                    <Unicode>schaamte de roepstem der natuur met ijzeren minachting moeten weren? Het is hetzelfde</Unicode>
                </TextEquiv>
            </TextLine>
            <TextLine id="tr_1_tl_40" custom="readingOrder {index:5;}">
                <Coords points="803,1028 1454,1018 1384,993 803,1013"/>
                <Baseline points="808,1024 840,1023 872,1022 905,1021 937,1020 970,1018 1002,1018 1034,1020 1067,1018 1099,1020 1132,1018 1164,1015 1196,1014 1229,1014 1261,1014 1294,1014 1326,1013 1358,1012 1391,1012 1423,1014 1456,1014"/>
                <Word id="tr_1_tl_40_w1" custom="readingOrder {index:0;}">
                    <Coords points="797,983 797,1043 848,1043 848,983 797,983 797,983 797,983 797,983 797,983 797,983 797,983 797,983"/>
                    <TextEquiv>
                        <Unicode>ondewust</Unicode>
                    </TextEquiv>
                </Word>
                <Word id="tr_1_tl_40_w2" custom="readingOrder {index:1;}">
                    <Coords points="860,981 860,1041 890,1041 890,981 860,981 860,981 860,981 860,981 860,981 860,981 860,981 860,981"/>
                    <TextEquiv>
                        <Unicode>gevoel</Unicode>
                    </TextEquiv>
                </Word>
                <Word id="tr_1_tl_40_w3" custom="readingOrder {index:2;}">
                    <Coords points="901,980 901,1040 917,1040 917,980 901,980 901,980 901,980 901,980 901,980 901,980 901,980 901,980"/>
                    <TextEquiv>
                        <Unicode>van</Unicode>
                    </TextEquiv>
                </Word>
                <Word id="tr_1_tl_40_w4" custom="readingOrder {index:3;}">
                    <Coords points="931,978 931,1038 1000,1038 1000,978 931,978 931,978 931,978 931,978 931,978 931,978 931,978 931,978"/>
                    <TextEquiv>
                        <Unicode>uflenorstert</Unicode>
                    </TextEquiv>
                </Word>
                <Word id="tr_1_tl_40_w5" custom="readingOrder {index:4;}">
                    <Coords points="1012,979 1012,1039 1032,1039 1032,979 1012,979 1012,979 1012,979 1012,979 1012,979 1012,979 1012,979 1012,979"/>
                    <TextEquiv>
                        <Unicode>aan</Unicode>
                    </TextEquiv>
                </Word>
                <Word id="tr_1_tl_40_w6" custom="readingOrder {index:5;}">
                    <Coords points="1042,979 1042,1039 1053,1039 1053,979 1042,979 1042,979 1042,979 1042,979 1042,979 1042,979 1042,979 1042,979"/>
                    <TextEquiv>
                        <Unicode>de</Unicode>
                    </TextEquiv>
                </Word>
                <Word id="tr_1_tl_40_w7" custom="readingOrder {index:6;}">
                    <Coords points="1062,978 1062,1038 1085,1038 1085,978 1062,978 1062,978 1062,978 1062,978 1062,978 1062,978 1062,978 1062,978"/>
                    <TextEquiv>
                        <Unicode>man</Unicode>
                    </TextEquiv>
                </Word>
                <Word id="tr_1_tl_40_w8" custom="readingOrder {index:7;}">
                    <Coords points="1107,978 1107,1038 1126,1038 1126,978 1107,978 1107,978 1107,978 1107,978 1107,978 1107,978 1107,978 1107,978"/>
                    <TextEquiv>
                        <Unicode>die</Unicode>
                    </TextEquiv>
                </Word>
                <Word id="tr_1_tl_40_w9" custom="readingOrder {index:8;}">
                    <Coords points="1138,976 1138,1036 1167,1036 1167,976 1138,976 1138,976 1138,976 1138,976 1138,976 1138,976 1138,976 1138,976"/>
                    <TextEquiv>
                        <Unicode>Jonge</Unicode>
                    </TextEquiv>
                </Word>
                <Word id="tr_1_tl_40_w10" custom="readingOrder {index:9;}">
                    <Coords points="1180,974 1180,1034 1225,1034 1225,974 1180,974 1180,974 1180,974 1180,974 1180,974 1180,974 1180,974 1180,974"/>
                    <TextEquiv>
                        <Unicode>muspe</Unicode>
                    </TextEquiv>
                </Word>
                <Word id="tr_1_tl_40_w11" custom="readingOrder {index:10;}">
                    <Coords points="1242,974 1242,1034 1263,1034 1263,974 1242,974 1242,974 1242,974 1242,974 1242,974 1242,974 1242,974 1242,974"/>
                    <TextEquiv>
                        <Unicode>aan</Unicode>
                    </TextEquiv>
                </Word>
                <Word id="tr_1_tl_40_w12" custom="readingOrder {index:11;}">
                    <Coords points="1273,974 1273,1034 1291,1034 1291,974 1273,974 1273,974 1273,974 1273,974 1273,974 1273,974 1273,974 1273,974"/>
                    <TextEquiv>
                        <Unicode>hem</Unicode>
                    </TextEquiv>
                </Word>
                <Word id="tr_1_tl_40_w13" custom="readingOrder {index:12;}">
                    <Coords points="1303,972 1303,1032 1368,1032 1368,972 1303,972 1303,972 1303,972 1303,972 1303,972 1303,972 1303,972 1303,972"/>
                    <TextEquiv>
                        <Unicode>verloofden</Unicode>
                    </TextEquiv>
                </Word>
                <Word id="tr_1_tl_40_w14" custom="readingOrder {index:13;}">
                    <Coords points="1382,972 1382,1032 1404,1032 1404,972 1382,972 1382,972 1382,972 1382,972 1382,972 1382,972 1382,972 1382,972"/>
                    <TextEquiv>
                        <Unicode>han</Unicode>
                    </TextEquiv>
                </Word>
                <Word id="tr_1_tl_40_w15" custom="readingOrder {index:14;}">
                    <Coords points="1416,974 1416,1034 1449,1034 1449,974 1416,974 1416,974 1416,974 1416,974 1416,974 1416,974 1416,974 1416,974"/>
                    <TextEquiv>
                        <Unicode>varge</Unicode>
                    </TextEquiv>
                </Word>
                <TextEquiv>
                    <Unicode>onbewuste gevoel van inferioriteit aan de man, die jonge meisjes aan hun verloofdes hun vroegere</Unicode>
                </TextEquiv>
            </TextLine>
            <TextLine id="tr_1_tl_41" custom="readingOrder {index:6;}">
                <Coords points="805,1046 1442,1025 806,1030"/>
                <Baseline points="810,1044 841,1041 873,1041 905,1041 936,1040 968,1039 1000,1038 1031,1037 1063,1037 1095,1038 1137,1039 1158,1037 1190,1034 1222,1032 1253,1032 1285,1030 1317,1030 1348,1030 1380,1030 1412,1030 1444,1032"/>
                <Word id="tr_1_tl_41_w1" custom="readingOrder {index:0;}">
                    <Coords points="798,1002 798,1062 852,1062 852,1002 798,1002 798,1002 798,1002 798,1002 798,1002 798,1002 798,1002 798,1002"/>
                    <TextEquiv>
                        <Unicode>voorliefde</Unicode>
                    </TextEquiv>
                </Word>
                <Word id="tr_1_tl_41_w2" custom="readingOrder {index:1;}">
                    <Coords points="865,1001 865,1061 890,1061 890,1001 865,1001 865,1001 865,1001 865,1001 865,1001 865,1001 865,1001 865,1001"/>
                    <TextEquiv>
                        <Unicode>voor</Unicode>
                    </TextEquiv>
                </Word>
                <Word id="tr_1_tl_41_w3" custom="readingOrder {index:2;}">
                    <Coords points="897,1000 897,1060 935,1060 935,1000 897,1000 897,1000 897,1000 897,1000 897,1000 897,1000 897,1000 897,1000"/>
                    <TextEquiv>
                        <Unicode>poppen</Unicode>
                    </TextEquiv>
                </Word>
                <Word id="tr_1_tl_41_w4" custom="readingOrder {index:3;}">
                    <Coords points="949,999 949,1059 962,1059 962,999 949,999 949,999 949,999 949,999 949,999 949,999 949,999 949,999"/>
                    <TextEquiv>
                        <Unicode>de</Unicode>
                    </TextEquiv>
                </Word>
                <Word id="tr_1_tl_41_w5" custom="readingOrder {index:4;}">
                    <Coords points="976,998 976,1058 1008,1058 1008,998 976,998 976,998 976,998 976,998 976,998 976,998 976,998 976,998"/>
                    <TextEquiv>
                        <Unicode>leftig</Unicode>
                    </TextEquiv>
                </Word>
                <Word id="tr_1_tl_41_w6" custom="readingOrder {index:5;}">
                    <Coords points="1021,997 1021,1057 1045,1057 1045,997 1021,997 1021,997 1021,997 1021,997 1021,997 1021,997 1021,997 1021,997"/>
                    <TextEquiv>
                        <Unicode>doel</Unicode>
                    </TextEquiv>
                </Word>
                <Word id="tr_1_tl_41_w7" custom="readingOrder {index:6;}">
                    <Coords points="1057,998 1057,1058 1136,1058 1136,998 1057,998 1057,998 1057,998 1057,998 1057,998 1057,998 1057,998 1057,998"/>
                    <TextEquiv>
                        <Unicode>verloodenen</Unicode>
                    </TextEquiv>
                </Word>
                <Word id="tr_1_tl_41_w8" custom="readingOrder {index:7;}">
                    <Coords points="1165,995 1165,1055 1190,1055 1190,995 1165,995 1165,995 1165,995 1165,995 1165,995 1165,995 1165,995 1165,995"/>
                    <TextEquiv>
                        <Unicode>en</Unicode>
                    </TextEquiv>
                </Word>
                <Word id="tr_1_tl_41_w9" custom="readingOrder {index:8;}">
                    <Coords points="1204,992 1204,1052 1216,1052 1216,992 1204,992 1204,992 1204,992 1204,992 1204,992 1204,992 1204,992 1204,992"/>
                    <TextEquiv>
                        <Unicode>de</Unicode>
                    </TextEquiv>
                </Word>
                <Word id="tr_1_tl_41_w10" custom="readingOrder {index:9;}">
                    <Coords points="1230,992 1230,1052 1253,1052 1253,992 1230,992 1230,992 1230,992 1230,992 1230,992 1230,992 1230,992 1230,992"/>
                    <TextEquiv>
                        <Unicode>niet</Unicode>
                    </TextEquiv>
                </Word>
                <Word id="tr_1_tl_41_w11" custom="readingOrder {index:10;}">
                    <Coords points="1270,990 1270,1050 1283,1050 1283,990 1270,990 1270,990 1270,990 1270,990 1270,990 1270,990 1270,990 1270,990"/>
                    <TextEquiv>
                        <Unicode>de</Unicode>
                    </TextEquiv>
                </Word>
                <Word id="tr_1_tl_41_w12" custom="readingOrder {index:11;}">
                    <Coords points="1297,990 1297,1050 1306,1050 1306,990 1297,990 1297,990 1297,990 1297,990 1297,990 1297,990 1297,990 1297,990"/>
                    <TextEquiv>
                        <Unicode>is</Unicode>
                    </TextEquiv>
                </Word>
                <Word id="tr_1_tl_41_w13" custom="readingOrder {index:12;}">
                    <Coords points="1318,990 1318,1050 1358,1050 1358,990 1318,990 1318,990 1318,990 1318,990 1318,990 1318,990 1318,990 1318,990"/>
                    <TextEquiv>
                        <Unicode>genaeg</Unicode>
                    </TextEquiv>
                </Word>
                <Word id="tr_1_tl_41_w14" custom="readingOrder {index:13;}">
                    <Coords points="1369,990 1369,1050 1386,1050 1386,990 1369,990 1369,990 1369,990 1369,990 1369,990 1369,990 1369,990 1369,990"/>
                    <TextEquiv>
                        <Unicode>van</Unicode>
                    </TextEquiv>
                </Word>
                <Word id="tr_1_tl_41_w15" custom="readingOrder {index:14;}">
                    <Coords points="1398,990 1398,1050 1442,1050 1442,990 1398,990 1398,990 1398,990 1398,990 1398,990 1398,990 1398,990 1398,990"/>
                    <TextEquiv>
                        <Unicode>licteee</Unicode>
                    </TextEquiv>
                </Word>
                <TextEquiv>
                    <Unicode>voorliefde voor poppen zo heftig doet verloochenen. Ware het niet dat ik genoeg van kinderen</Unicode>
                </TextEquiv>
            </TextLine>
            <TextLine id="tr_1_tl_42" custom="readingOrder {index:7;} add {offset:55; length:3;} textStyle {offset:62; length:5;strikethrough:true;} blackening {offset:62; length:5;} unclear {offset:62; length:5;} add {offset:68; length:8;}">
                <Coords points="795,1069 1456,1058 1448,1031 796,1050"/>
                <Baseline points="800,1062 879,1061 875,1054 888,1054 889,1062 933,1060 1142,1057 1131,1047 1151,1048 1153,1055 1203,1056 1166,1049 1209,1049 1227,1052 1260,1052 1293,1050 1326,1050 1359,1050 1392,1050 1425,1050 1458,1052"/>
                <Word id="tr_1_tl_42_w1" custom="readingOrder {index:0;}">
                    <Coords points="788,1022 788,1082 818,1082 818,1022 788,1022 788,1022 788,1022 788,1022 788,1022 788,1022 788,1022 788,1022"/>
                    <TextEquiv>
                        <Unicode>Aond</Unicode>
                    </TextEquiv>
                </Word>
                <Word id="tr_1_tl_42_w2" custom="readingOrder {index:1;}">
                    <Coords points="832,1021 832,1081 843,1081 843,1021 832,1021 832,1021 832,1021 832,1021 832,1021 832,1021 832,1021 832,1021"/>
                    <TextEquiv>
                        <Unicode>om</Unicode>
                    </TextEquiv>
                </Word>
                <Word id="tr_1_tl_42_w3" custom="readingOrder {index:2;}">
                    <Coords points="859,1020 859,1080 868,1080 868,1020 859,1020 859,1020 859,1020 859,1020 859,1020 859,1020 859,1020 859,1020"/>
                    <TextEquiv>
                        <Unicode>en</Unicode>
                    </TextEquiv>
                </Word>
                <Word id="tr_1_tl_42_w4" custom="readingOrder {index:3;}">
                    <Coords points="878,1020 878,1080 887,1080 887,1020 878,1020 878,1020 878,1020 878,1020 878,1020 878,1020 878,1020 878,1020"/>
                    <TextEquiv>
                        <Unicode>by</Unicode>
                    </TextEquiv>
                </Word>
                <Word id="tr_1_tl_42_w5" custom="readingOrder {index:4;}">
                    <Coords points="900,1020 900,1080 959,1080 959,1020 900,1020 900,1020 900,1020 900,1020 900,1020 900,1020 900,1020 900,1020"/>
                    <TextEquiv>
                        <Unicode>gebauleid</Unicode>
                    </TextEquiv>
                </Word>
                <Word id="tr_1_tl_42_w6" custom="readingOrder {index:5;}">
                    <Coords points="977,1017 977,1077 990,1077 990,1017 977,1017 977,1017 977,1017 977,1017 977,1017 977,1017 977,1017 977,1017"/>
                    <TextEquiv>
                        <Unicode>te</Unicode>
                    </TextEquiv>
                </Word>
                <Word id="tr_1_tl_42_w7" custom="readingOrder {index:6;}">
                    <Coords points="1004,1017 1004,1077 1047,1077 1047,1017 1004,1017 1004,1017 1004,1017 1004,1017 1004,1017 1004,1017 1004,1017 1004,1017"/>
                    <TextEquiv>
                        <Unicode>spordig</Unicode>
                    </TextEquiv>
                </Word>
                <Word id="tr_1_tl_42_w8" custom="readingOrder {index:7;}">
                    <Coords points="1057,1016 1057,1076 1103,1076 1103,1016 1057,1016 1057,1016 1057,1016 1057,1016 1057,1016 1057,1016 1057,1016 1057,1016"/>
                    <TextEquiv>
                        <Unicode>mogens</Unicode>
                    </TextEquiv>
                </Word>
                <Word id="tr_1_tl_42_w9" custom="readingOrder {index:8;}">
                    <Coords points="1119,1005 1119,1065 1149,1065 1149,1005 1119,1005 1119,1005 1119,1005 1119,1005 1119,1005 1119,1005 1119,1005 1119,1005"/>
                    <TextEquiv>
                        <Unicode>ent</Unicode>
                    </TextEquiv>
                </Word>
                <Word id="tr_1_tl_42_w10" custom="readingOrder {index:9;}">
                    <Coords points="1160,1010 1160,1070 1182,1070 1182,1010 1160,1010 1160,1010 1160,1010 1160,1010 1160,1010 1160,1010 1160,1010 1160,1010"/>
                    <TextEquiv>
                        <Unicode>we</Unicode>
                    </TextEquiv>
                </Word>
                <Word id="tr_1_tl_42_w11" custom="readingOrder {index:10;}">
                    <Coords points="1218,1012 1218,1072 1240,1072 1240,1012 1218,1012 1218,1012 1218,1012 1218,1012 1218,1012 1218,1012 1218,1012 1218,1012"/>
                    <TextEquiv>
                        <Unicode>dan</Unicode>
                    </TextEquiv>
                </Word>
                <Word id="tr_1_tl_42_w12" custom="readingOrder {index:11;}">
                    <Coords points="1252,1011 1252,1071 1271,1071 1271,1011 1252,1011 1252,1011 1252,1011 1252,1011 1252,1011 1252,1011 1252,1011 1252,1011"/>
                    <TextEquiv>
                        <Unicode>zon</Unicode>
                    </TextEquiv>
                </Word>
                <Word id="tr_1_tl_42_w13" custom="readingOrder {index:12;}">
                    <Coords points="1281,1010 1281,1070 1291,1070 1291,1010 1281,1010 1281,1010 1281,1010 1281,1010 1281,1010 1281,1010 1281,1010 1281,1010"/>
                    <TextEquiv>
                        <Unicode>is</Unicode>
                    </TextEquiv>
                </Word>
                <Word id="tr_1_tl_42_w14" custom="readingOrder {index:13;}">
                    <Coords points="1310,1010 1310,1070 1334,1070 1334,1010 1310,1010 1310,1010 1310,1010 1310,1010 1310,1010 1310,1010 1310,1010 1310,1010"/>
                    <TextEquiv>
                        <Unicode>dies</Unicode>
                    </TextEquiv>
                </Word>
                <Word id="tr_1_tl_42_w15" custom="readingOrder {index:14;}">
                    <Coords points="1349,1010 1349,1070 1398,1070 1398,1010 1349,1010 1349,1010 1349,1010 1349,1010 1349,1010 1349,1010 1349,1010 1349,1010"/>
                    <TextEquiv>
                        <Unicode>goottt</Unicode>
                    </TextEquiv>
                </Word>
                <Word id="tr_1_tl_42_w16" custom="readingOrder {index:15;}">
                    <Coords points="1411,1010 1411,1070 1461,1070 1461,1010 1411,1010 1411,1010 1411,1010 1411,1010 1411,1010 1411,1010 1411,1010 1411,1010"/>
                    <TextEquiv>
                        <Unicode>prstatie</Unicode>
                    </TextEquiv>
                </Word>
                <TextEquiv>
                    <Unicode>houd om er mij bij gelegenheid zo spoedig mogelijk een aan te nemen schaffen, dan zou ik deze grootste prestatie</Unicode>
                </TextEquiv>
            </TextLine>
            <TextLine id="tr_1_tl_43" custom="readingOrder {index:8;}">
                <Coords points="801,1085 1398,1069 1303,1052 801,1069"/>
                <Baseline points="806,1084 835,1080 865,1080 895,1080 924,1080 954,1078 984,1076 1013,1078 1043,1076 1073,1076 1103,1076 1132,1074 1162,1072 1192,1072 1221,1072 1251,1072 1281,1070 1310,1070 1340,1070 1370,1068 1400,1068"/>
                <Word id="tr_1_tl_43_w1" custom="readingOrder {index:0;}">
                    <Coords points="794,1044 794,1104 813,1104 813,1044 794,1044 794,1044 794,1044 794,1044 794,1044 794,1044 794,1044 794,1044"/>
                    <TextEquiv>
                        <Unicode>van</Unicode>
                    </TextEquiv>
                </Word>
                <Word id="tr_1_tl_43_w2" custom="readingOrder {index:1;}">
                    <Coords points="822,1040 822,1100 872,1100 872,1040 822,1040 822,1040 822,1040 822,1040 822,1040 822,1040 822,1040 822,1040"/>
                    <TextEquiv>
                        <Unicode>vrouwe</Unicode>
                    </TextEquiv>
                </Word>
                <Word id="tr_1_tl_43_w3" custom="readingOrder {index:2;}">
                    <Coords points="902,1036 902,1096 1046,1096 1046,1036 902,1036 902,1036 902,1036 902,1036 902,1036 902,1036 902,1036 902,1036"/>
                    <TextEquiv>
                        <Unicode>aandeent</Unicode>
                    </TextEquiv>
                </Word>
                <Word id="tr_1_tl_43_w4" custom="readingOrder {index:3;}">
                    <Coords points="1080,1036 1080,1096 1107,1096 1107,1036 1080,1036 1080,1036 1080,1036 1080,1036 1080,1036 1080,1036 1080,1036 1080,1036"/>
                    <TextEquiv>
                        <Unicode>selee</Unicode>
                    </TextEquiv>
                </Word>
                <Word id="tr_1_tl_43_w5" custom="readingOrder {index:4;}">
                    <Coords points="1119,1034 1119,1094 1142,1094 1142,1034 1119,1034 1119,1034 1119,1034 1119,1034 1119,1034 1119,1034 1119,1034 1119,1034"/>
                    <TextEquiv>
                        <Unicode>met</Unicode>
                    </TextEquiv>
                </Word>
                <Word id="tr_1_tl_43_w6" custom="readingOrder {index:5;}">
                    <Coords points="1152,1032 1152,1092 1176,1092 1176,1032 1152,1032 1152,1032 1152,1032 1152,1032 1152,1032 1152,1032 1152,1032 1152,1032"/>
                    <TextEquiv>
                        <Unicode>vlag</Unicode>
                    </TextEquiv>
                </Word>
                <Word id="tr_1_tl_43_w7" custom="readingOrder {index:6;}">
                    <Coords points="1186,1032 1186,1092 1197,1092 1197,1032 1186,1032 1186,1032 1186,1032 1186,1032 1186,1032 1186,1032 1186,1032 1186,1032"/>
                    <TextEquiv>
                        <Unicode>en</Unicode>
                    </TextEquiv>
                </Word>
                <Word id="tr_1_tl_43_w8" custom="readingOrder {index:7;}">
                    <Coords points="1205,1032 1205,1092 1253,1092 1253,1032 1205,1032 1205,1032 1205,1032 1205,1032 1205,1032 1205,1032 1205,1032 1205,1032"/>
                    <TextEquiv>
                        <Unicode>comper</Unicode>
                    </TextEquiv>
                </Word>
                <Word id="tr_1_tl_43_w9" custom="readingOrder {index:8;}">
                    <Coords points="1260,1031 1260,1091 1269,1091 1269,1031 1260,1031 1260,1031 1260,1031 1260,1031 1260,1031 1260,1031 1260,1031 1260,1031"/>
                    <TextEquiv>
                        <Unicode>in</Unicode>
                    </TextEquiv>
                </Word>
                <Word id="tr_1_tl_43_w10" custom="readingOrder {index:9;}">
                    <Coords points="1283,1030 1283,1090 1297,1090 1297,1030 1283,1030 1283,1030 1283,1030 1283,1030 1283,1030 1283,1030 1283,1030 1283,1030"/>
                    <TextEquiv>
                        <Unicode>de</Unicode>
                    </TextEquiv>
                </Word>
                <Word id="tr_1_tl_43_w11" custom="readingOrder {index:10;}">
                    <Coords points="1313,1030 1313,1090 1348,1090 1348,1030 1313,1030 1313,1030 1313,1030 1313,1030 1313,1030 1313,1030 1313,1030 1313,1030"/>
                    <TextEquiv>
                        <Unicode>hoogt</Unicode>
                    </TextEquiv>
                </Word>
                <Word id="tr_1_tl_43_w12" custom="readingOrder {index:11;}">
                    <Coords points="1362,1028 1362,1088 1395,1088 1395,1028 1362,1028 1362,1028 1362,1028 1362,1028 1362,1028 1362,1028 1362,1028 1362,1028"/>
                    <TextEquiv>
                        <Unicode>stelen</Unicode>
                    </TextEquiv>
                </Word>
                <TextEquiv>
                    <Unicode>van 't vrouwelijk aandeel in 't huwelijk toch zeker met vlag en wimpel in de hoogte steken.</Unicode>
                </TextEquiv>
            </TextLine>
            <TextLine id="tr_1_tl_44" custom="readingOrder {index:9;}">
                <Coords points="805,1107 1458,1100 1458,1074 1422,1069 806,1084"/>
                <Baseline points="810,1100 842,1099 875,1099 907,1100 940,1099 972,1097 1005,1096 1037,1096 1070,1096 1102,1096 1135,1094 1167,1094 1200,1092 1232,1093 1265,1093 1297,1091 1330,1090 1362,1090 1395,1090 1427,1088 1460,1088"/>
                <Word id="tr_1_tl_44_w1" custom="readingOrder {index:0;}">
                    <Coords points="798,1060 798,1120 802,1120 802,1060 798,1060 798,1060 798,1060 798,1060 798,1060 798,1060 798,1060 798,1060"/>
                    <TextEquiv>
                        <Unicode>£</Unicode>
                    </TextEquiv>
                </Word>
                <Word id="tr_1_tl_44_w2" custom="readingOrder {index:1;}">
                    <Coords points="815,1059 815,1119 818,1119 818,1059 815,1059 815,1059 815,1059 815,1059 815,1059 815,1059 815,1059 815,1059"/>
                    <TextEquiv>
                        <Unicode>d</Unicode>
                    </TextEquiv>
                </Word>
                <Word id="tr_1_tl_44_w3" custom="readingOrder {index:2;}">
                    <Coords points="835,1059 835,1119 870,1119 870,1059 835,1059 835,1059 835,1059 835,1059 835,1059 835,1059 835,1059 835,1059"/>
                    <TextEquiv>
                        <Unicode>dmy</Unicode>
                    </TextEquiv>
                </Word>
                <Word id="tr_1_tl_44_w4" custom="readingOrder {index:3;}">
                    <Coords points="878,1059 878,1119 894,1119 894,1059 878,1059 878,1059 878,1059 878,1059 878,1059 878,1059 878,1059 878,1059"/>
                    <TextEquiv>
                        <Unicode>ven</Unicode>
                    </TextEquiv>
                </Word>
                <Word id="tr_1_tl_44_w5" custom="readingOrder {index:4;}">
                    <Coords points="910,1059 910,1119 930,1119 930,1059 910,1059 910,1059 910,1059 910,1059 910,1059 910,1059 910,1059 910,1059"/>
                    <TextEquiv>
                        <Unicode>toe</Unicode>
                    </TextEquiv>
                </Word>
                <Word id="tr_1_tl_44_w6" custom="readingOrder {index:5;}">
                    <Coords points="945,1058 945,1118 953,1118 953,1058 945,1058 945,1058 945,1058 945,1058 945,1058 945,1058 945,1058 945,1058"/>
                    <TextEquiv>
                        <Unicode>in</Unicode>
                    </TextEquiv>
                </Word>
                <Word id="tr_1_tl_44_w7" custom="readingOrder {index:6;}">
                    <Coords points="960,1057 960,1117 965,1117 965,1057 960,1057 960,1057 960,1057 960,1057 960,1057 960,1057 960,1057 960,1057"/>
                    <TextEquiv>
                        <Unicode>'t</Unicode>
                    </TextEquiv>
                </Word>
                <Word id="tr_1_tl_44_w8" custom="readingOrder {index:7;}">
                    <Coords points="974,1056 974,1116 1002,1116 1002,1056 974,1056 974,1056 974,1056 974,1056 974,1056 974,1056 974,1056 974,1056"/>
                    <TextEquiv>
                        <Unicode>geeel</Unicode>
                    </TextEquiv>
                </Word>
                <Word id="tr_1_tl_44_w9" custom="readingOrder {index:8;}">
                    <Coords points="1013,1056 1013,1116 1031,1116 1031,1056 1013,1056 1013,1056 1013,1056 1013,1056 1013,1056 1013,1056 1013,1056 1013,1056"/>
                    <TextEquiv>
                        <Unicode>van</Unicode>
                    </TextEquiv>
                </Word>
                <Word id="tr_1_tl_44_w10" custom="readingOrder {index:9;}">
                    <Coords points="1043,1056 1043,1116 1053,1116 1053,1056 1043,1056 1043,1056 1043,1056 1043,1056 1043,1056 1043,1056 1043,1056 1043,1056"/>
                    <TextEquiv>
                        <Unicode>ee</Unicode>
                    </TextEquiv>
                </Word>
                <Word id="tr_1_tl_44_w11" custom="readingOrder {index:10;}">
                    <Coords points="1066,1056 1066,1116 1094,1116 1094,1056 1066,1056 1066,1056 1066,1056 1066,1056 1066,1056 1066,1056 1066,1056 1066,1056"/>
                    <TextEquiv>
                        <Unicode>pots</Unicode>
                    </TextEquiv>
                </Word>
                <Word id="tr_1_tl_44_w12" custom="readingOrder {index:11;}">
                    <Coords points="1109,1054 1109,1114 1139,1114 1139,1054 1109,1054 1109,1054 1109,1054 1109,1054 1109,1054 1109,1054 1109,1054 1109,1054"/>
                    <TextEquiv>
                        <Unicode>liefds</Unicode>
                    </TextEquiv>
                </Word>
                <Word id="tr_1_tl_44_w13" custom="readingOrder {index:12;}">
                    <Coords points="1148,1054 1148,1114 1158,1114 1158,1054 1148,1054 1148,1054 1148,1054 1148,1054 1148,1054 1148,1054 1148,1054 1148,1054"/>
                    <TextEquiv>
                        <Unicode>is</Unicode>
                    </TextEquiv>
                </Word>
                <Word id="tr_1_tl_44_w14" custom="readingOrder {index:13;}">
                    <Coords points="1169,1053 1169,1113 1177,1113 1177,1053 1169,1053 1169,1053 1169,1053 1169,1053 1169,1053 1169,1053 1169,1053 1169,1053"/>
                    <TextEquiv>
                        <Unicode>in</Unicode>
                    </TextEquiv>
                </Word>
                <Word id="tr_1_tl_44_w15" custom="readingOrder {index:14;}">
                    <Coords points="1189,1052 1189,1112 1215,1112 1215,1052 1189,1052 1189,1052 1189,1052 1189,1052 1189,1052 1189,1052 1189,1052 1189,1052"/>
                    <TextEquiv>
                        <Unicode>myn</Unicode>
                    </TextEquiv>
                </Word>
                <Word id="tr_1_tl_44_w16" custom="readingOrder {index:15;}">
                    <Coords points="1225,1053 1225,1113 1292,1113 1292,1053 1225,1053 1225,1053 1225,1053 1225,1053 1225,1053 1225,1053 1225,1053 1225,1053"/>
                    <TextEquiv>
                        <Unicode>nageclacht</Unicode>
                    </TextEquiv>
                </Word>
                <Word id="tr_1_tl_44_w17" custom="readingOrder {index:16;}">
                    <Coords points="1304,1050 1304,1110 1334,1110 1334,1050 1304,1050 1304,1050 1304,1050 1304,1050 1304,1050 1304,1050 1304,1050 1304,1050"/>
                    <TextEquiv>
                        <Unicode>mijn</Unicode>
                    </TextEquiv>
                </Word>
                <Word id="tr_1_tl_44_w18" custom="readingOrder {index:17;}">
                    <Coords points="1345,1050 1345,1110 1413,1110 1413,1050 1345,1050 1345,1050 1345,1050 1345,1050 1345,1050 1345,1050 1345,1050 1345,1050"/>
                    <TextEquiv>
                        <Unicode>achgenoot</Unicode>
                    </TextEquiv>
                </Word>
                <Word id="tr_1_tl_44_w19" custom="readingOrder {index:18;}">
                    <Coords points="1424,1048 1424,1108 1463,1108 1463,1048 1424,1048 1424,1048 1424,1048 1424,1048 1424,1048 1424,1048 1424,1048 1424,1048"/>
                    <TextEquiv>
                        <Unicode>gaamne</Unicode>
                    </TextEquiv>
                </Word>
                <TextEquiv>
                    <Unicode>En ik stel mij voor hoe in 't geheel van een grote liefde ik in mijn nageslacht mijn echtgenoot gaarne</Unicode>
                </TextEquiv>
            </TextLine>
            <TextLine id="tr_1_tl_45" custom="readingOrder {index:10;}">
                <Coords points="803,1122 1440,1114 1440,1095 803,1106"/>
                <Baseline points="808,1116 839,1116 871,1116 903,1114 934,1114 966,1114 998,1112 1029,1112 1061,1112 1093,1113 1125,1114 1156,1113 1188,1112 1220,1112 1251,1113 1283,1111 1315,1110 1346,1110 1378,1110 1410,1110 1442,1110"/>
                <Word id="tr_1_tl_45_w1" custom="readingOrder {index:0;}">
                    <Coords points="795,1076 795,1136 814,1136 814,1076 795,1076 795,1076 795,1076 795,1076 795,1076 795,1076 795,1076 795,1076"/>
                    <TextEquiv>
                        <Unicode>son</Unicode>
                    </TextEquiv>
                </Word>
                <Word id="tr_1_tl_45_w2" custom="readingOrder {index:1;}">
                    <Coords points="823,1076 823,1136 841,1136 841,1076 823,1076 823,1076 823,1076 823,1076 823,1076 823,1076 823,1076 823,1076"/>
                    <TextEquiv>
                        <Unicode>nu</Unicode>
                    </TextEquiv>
                </Word>
                <Word id="tr_1_tl_45_w3" custom="readingOrder {index:2;}">
                    <Coords points="856,1075 856,1135 903,1135 903,1075 856,1075 856,1075 856,1075 856,1075 856,1075 856,1075 856,1075 856,1075"/>
                    <TextEquiv>
                        <Unicode>derwvan</Unicode>
                    </TextEquiv>
                </Word>
                <Word id="tr_1_tl_45_w4" custom="readingOrder {index:3;}">
                    <Coords points="917,1074 917,1134 928,1134 928,1074 917,1074 917,1074 917,1074 917,1074 917,1074 917,1074 917,1074 917,1074"/>
                    <TextEquiv>
                        <Unicode>en</Unicode>
                    </TextEquiv>
                </Word>
                <Word id="tr_1_tl_45_w5" custom="readingOrder {index:4;}">
                    <Coords points="943,1074 943,1134 955,1134 955,1074 943,1074 943,1074 943,1074 943,1074 943,1074 943,1074 943,1074 943,1074"/>
                    <TextEquiv>
                        <Unicode>de</Unicode>
                    </TextEquiv>
                </Word>
                <Word id="tr_1_tl_45_w6" custom="readingOrder {index:5;}">
                    <Coords points="990,1072 990,1132 1002,1132 1002,1072 990,1072 990,1072 990,1072 990,1072 990,1072 990,1072 990,1072 990,1072"/>
                    <TextEquiv>
                        <Unicode>op</Unicode>
                    </TextEquiv>
                </Word>
                <Word id="tr_1_tl_45_w7" custom="readingOrder {index:6;}">
                    <Coords points="1016,1072 1016,1132 1032,1132 1032,1072 1016,1072 1016,1072 1016,1072 1016,1072 1016,1072 1016,1072 1016,1072 1016,1072"/>
                    <TextEquiv>
                        <Unicode>den</Unicode>
                    </TextEquiv>
                </Word>
                <Word id="tr_1_tl_45_w8" custom="readingOrder {index:7;}">
                    <Coords points="1046,1072 1046,1132 1096,1132 1096,1072 1046,1072 1046,1072 1046,1072 1046,1072 1046,1072 1046,1072 1046,1072 1046,1072"/>
                    <TextEquiv>
                        <Unicode>eenmaal</Unicode>
                    </TextEquiv>
                </Word>
                <Word id="tr_1_tl_45_w9" custom="readingOrder {index:8;}">
                    <Coords points="1106,1073 1106,1133 1114,1133 1114,1073 1106,1073 1106,1073 1106,1073 1106,1073 1106,1073 1106,1073 1106,1073 1106,1073"/>
                    <TextEquiv>
                        <Unicode>in</Unicode>
                    </TextEquiv>
                </Word>
                <Word id="tr_1_tl_45_w10" custom="readingOrder {index:9;}">
                    <Coords points="1119,1073 1119,1133 1164,1133 1164,1073 1119,1073 1119,1073 1119,1073 1119,1073 1119,1073 1119,1073 1119,1073 1119,1073"/>
                    <TextEquiv>
                        <Unicode>geslagen</Unicode>
                    </TextEquiv>
                </Word>
                <Word id="tr_1_tl_45_w11" custom="readingOrder {index:10;}">
                    <Coords points="1175,1072 1175,1132 1197,1132 1197,1072 1175,1072 1175,1072 1175,1072 1175,1072 1175,1072 1175,1072 1175,1072 1175,1072"/>
                    <TextEquiv>
                        <Unicode>eg</Unicode>
                    </TextEquiv>
                </Word>
                <Word id="tr_1_tl_45_w12" custom="readingOrder {index:11;}">
                    <Coords points="1211,1072 1211,1132 1237,1132 1237,1072 1211,1072 1211,1072 1211,1072 1211,1072 1211,1072 1211,1072 1211,1072 1211,1072"/>
                    <TextEquiv>
                        <Unicode>war</Unicode>
                    </TextEquiv>
                </Word>
                <Word id="tr_1_tl_45_w13" custom="readingOrder {index:12;}">
                    <Coords points="1251,1071 1251,1131 1299,1131 1299,1071 1251,1071 1251,1071 1251,1071 1251,1071 1251,1071 1251,1071 1251,1071 1251,1071"/>
                    <TextEquiv>
                        <Unicode>spordig</Unicode>
                    </TextEquiv>
                </Word>
                <Word id="tr_1_tl_45_w14" custom="readingOrder {index:13;}">
                    <Coords points="1310,1070 1310,1130 1340,1130 1340,1070 1310,1070 1310,1070 1310,1070 1310,1070 1310,1070 1310,1070 1310,1070 1310,1070"/>
                    <TextEquiv>
                        <Unicode>voor</Unicode>
                    </TextEquiv>
                </Word>
                <Word id="tr_1_tl_45_w15" custom="readingOrder {index:14;}">
                    <Coords points="1352,1070 1352,1130 1369,1130 1369,1070 1352,1070 1352,1070 1352,1070 1352,1070 1352,1070 1352,1070 1352,1070 1352,1070"/>
                    <TextEquiv>
                        <Unicode>zou</Unicode>
                    </TextEquiv>
                </Word>
                <Word id="tr_1_tl_45_w16" custom="readingOrder {index:15;}">
                    <Coords points="1378,1070 1378,1130 1417,1130 1417,1070 1378,1070 1378,1070 1378,1070 1378,1070 1378,1070 1378,1070 1378,1070 1378,1070"/>
                    <TextEquiv>
                        <Unicode>gaan.</Unicode>
                    </TextEquiv>
                </Word>
                <TextEquiv>
                    <Unicode>zou zien herleven en hoe ik op den eenmaal ingeslagen weg weer spoedig voort zou gaan. O</Unicode>
                </TextEquiv>
            </TextLine>
            <TextLine id="tr_1_tl_46" custom="readingOrder {index:11;} blackening {offset:7; length:37;} textStyle {offset:7; length:37;strikethrough:true;}">
                <Coords points="795,1137 1454,1136 1446,1113 795,1121"/>
                <Baseline points="800,1136 832,1135 865,1136 898,1136 931,1134 964,1134 996,1134 1029,1135 1062,1132 1095,1132 1128,1130 1160,1130 1193,1129 1226,1128 1259,1128 1291,1128 1324,1127 1357,1126 1390,1128 1423,1128 1456,1128"/>
                <Word id="tr_1_tl_46_w1" custom="readingOrder {index:0;}">
                    <Coords points="790,1095 790,1155 825,1155 825,1095 790,1095 790,1095 790,1095 790,1095 790,1095 790,1095 790,1095 790,1095"/>
                    <TextEquiv>
                        <Unicode>tele,</Unicode>
                    </TextEquiv>
                </Word>
                <Word id="tr_1_tl_46_w2" custom="readingOrder {index:1;}">
                    <Coords points="832,1095 832,1155 837,1155 837,1095 832,1095 832,1095 832,1095 832,1095 832,1095 832,1095 832,1095 832,1095"/>
                    <TextEquiv>
                        <Unicode>d</Unicode>
                    </TextEquiv>
                </Word>
                <Word id="tr_1_tl_46_w3" custom="readingOrder {index:2;}">
                    <Coords points="874,1096 874,1156 893,1156 893,1096 874,1096 874,1096 874,1096 874,1096 874,1096 874,1096 874,1096 874,1096"/>
                    <TextEquiv>
                        <Unicode>mij</Unicode>
                    </TextEquiv>
                </Word>
                <Word id="tr_1_tl_46_w4" custom="readingOrder {index:3;}">
                    <Coords points="903,1094 903,1154 927,1154 927,1094 903,1094 903,1094 903,1094 903,1094 903,1094 903,1094 903,1094 903,1094"/>
                    <TextEquiv>
                        <Unicode>het</Unicode>
                    </TextEquiv>
                </Word>
                <Word id="tr_1_tl_46_w5" custom="readingOrder {index:4;}">
                    <Coords points="937,1094 937,1154 949,1154 949,1094 937,1094 937,1094 937,1094 937,1094 937,1094 937,1094 937,1094 937,1094"/>
                    <TextEquiv>
                        <Unicode>ge</Unicode>
                    </TextEquiv>
                </Word>
                <Word id="tr_1_tl_46_w6" custom="readingOrder {index:5;}">
                    <Coords points="982,1094 982,1154 1028,1154 1028,1094 982,1094 982,1094 982,1094 982,1094 982,1094 982,1094 982,1094 982,1094"/>
                    <TextEquiv>
                        <Unicode>gemale</Unicode>
                    </TextEquiv>
                </Word>
                <Word id="tr_1_tl_46_w7" custom="readingOrder {index:6;}">
                    <Coords points="1097,1090 1097,1150 1137,1150 1137,1090 1097,1090 1097,1090 1097,1090 1097,1090 1097,1090 1097,1090 1097,1090 1097,1090"/>
                    <TextEquiv>
                        <Unicode>schaam</Unicode>
                    </TextEquiv>
                </Word>
                <Word id="tr_1_tl_46_w8" custom="readingOrder {index:7;}">
                    <Coords points="1157,1089 1157,1149 1174,1149 1174,1089 1157,1089 1157,1089 1157,1089 1157,1089 1157,1089 1157,1089 1157,1089 1157,1089"/>
                    <TextEquiv>
                        <Unicode>mi</Unicode>
                    </TextEquiv>
                </Word>
                <Word id="tr_1_tl_46_w9" custom="readingOrder {index:8;}">
                    <Coords points="1184,1089 1184,1149 1198,1149 1198,1089 1184,1089 1184,1089 1184,1089 1184,1089 1184,1089 1184,1089 1184,1089 1184,1089"/>
                    <TextEquiv>
                        <Unicode>nu</Unicode>
                    </TextEquiv>
                </Word>
                <Word id="tr_1_tl_46_w10" custom="readingOrder {index:9;}">
                    <Coords points="1217,1088 1217,1148 1226,1148 1226,1088 1217,1088 1217,1088 1217,1088 1217,1088 1217,1088 1217,1088 1217,1088 1217,1088"/>
                    <TextEquiv>
                        <Unicode>te</Unicode>
                    </TextEquiv>
                </Word>
                <Word id="tr_1_tl_46_w11" custom="readingOrder {index:10;}">
                    <Coords points="1235,1088 1235,1148 1293,1148 1293,1088 1235,1088 1235,1088 1235,1088 1235,1088 1235,1088 1235,1088 1235,1088 1235,1088"/>
                    <TextEquiv>
                        <Unicode>delennen,</Unicode>
                    </TextEquiv>
                </Word>
                <Word id="tr_1_tl_46_w12" custom="readingOrder {index:11;}">
                    <Coords points="1304,1087 1304,1147 1324,1147 1324,1087 1304,1087 1304,1087 1304,1087 1304,1087 1304,1087 1304,1087 1304,1087 1304,1087"/>
                    <TextEquiv>
                        <Unicode>zoo</Unicode>
                    </TextEquiv>
                </Word>
                <Word id="tr_1_tl_46_w13" custom="readingOrder {index:12;}">
                    <Coords points="1334,1086 1334,1146 1371,1146 1371,1086 1334,1086 1334,1086 1334,1086 1334,1086 1334,1086 1334,1086 1334,1086 1334,1086"/>
                    <TextEquiv>
                        <Unicode>buiter</Unicode>
                    </TextEquiv>
                </Word>
                <Word id="tr_1_tl_46_w14" custom="readingOrder {index:13;}">
                    <Coords points="1378,1088 1378,1148 1417,1148 1417,1088 1378,1088 1378,1088 1378,1088 1378,1088 1378,1088 1378,1088 1378,1088 1378,1088"/>
                    <TextEquiv>
                        <Unicode>gewoon</Unicode>
                    </TextEquiv>
                </Word>
                <Word id="tr_1_tl_46_w15" custom="readingOrder {index:14;}">
                    <Coords points="1426,1088 1426,1148 1433,1148 1433,1088 1426,1088 1426,1088 1426,1088 1426,1088 1426,1088 1426,1088 1426,1088 1426,1088"/>
                    <TextEquiv>
                        <Unicode>is</Unicode>
                    </TextEquiv>
                </Word>
                <Word id="tr_1_tl_46_w16" custom="readingOrder {index:15;}">
                    <Coords points="1443,1088 1443,1148 1456,1148 1456,1088 1443,1088 1443,1088 1443,1088 1443,1088 1443,1088 1443,1088 1443,1088 1443,1088"/>
                    <TextEquiv>
                        <Unicode>mi</Unicode>
                    </TextEquiv>
                </Word>
                <TextEquiv>
                    <Unicode>zeker, ik zou mij buitengewoon vermaken over schaam mij niet te bekennen, hoe buitengewoon ik mij</Unicode>
                </TextEquiv>
            </TextLine>
            <TextLine id="tr_1_tl_47" custom="readingOrder {index:12;}">
                <Coords points="865,1156 1460,1152 1443,1132 866,1139"/>
                <Baseline points="799,1154 859,1152 930,1150 959,1150 989,1152 1018,1150 1048,1151 1077,1150 1107,1149 1136,1148 1166,1147 1196,1146 1225,1145 1255,1144 1284,1145 1314,1145 1343,1144 1373,1144 1402,1144 1432,1145 1462,1148"/>
                <Word id="tr_1_tl_47_w1" custom="readingOrder {index:0;}">
                    <Coords points="857,1107 857,1167 874,1167 874,1107 857,1107 857,1107 857,1107 857,1107 857,1107 857,1107 857,1107 857,1107"/>
                    <TextEquiv>
                        <Unicode>aen</Unicode>
                    </TextEquiv>
                </Word>
                <Word id="tr_1_tl_47_w2" custom="readingOrder {index:1;}">
                    <Coords points="888,1111 888,1171 905,1171 905,1111 888,1111 888,1111 888,1111 888,1111 888,1111 888,1111 888,1111 888,1111"/>
                    <TextEquiv>
                        <Unicode>oe</Unicode>
                    </TextEquiv>
                </Word>
                <Word id="tr_1_tl_47_w3" custom="readingOrder {index:2;}">
                    <Coords points="917,1110 917,1170 928,1170 928,1110 917,1110 917,1110 917,1110 917,1110 917,1110 917,1110 917,1110 917,1110"/>
                    <TextEquiv>
                        <Unicode>de</Unicode>
                    </TextEquiv>
                </Word>
                <Word id="tr_1_tl_47_w4" custom="readingOrder {index:3;}">
                    <Coords points="939,1110 939,1170 993,1170 993,1110 939,1110 939,1110 939,1110 939,1110 939,1110 939,1110 939,1110 939,1110"/>
                    <TextEquiv>
                        <Unicode>varsatees</Unicode>
                    </TextEquiv>
                </Word>
                <Word id="tr_1_tl_47_w5" custom="readingOrder {index:4;}">
                    <Coords points="1002,1110 1002,1170 1014,1170 1014,1110 1002,1110 1002,1110 1002,1110 1002,1110 1002,1110 1002,1110 1002,1110 1002,1110"/>
                    <TextEquiv>
                        <Unicode>en</Unicode>
                    </TextEquiv>
                </Word>
                <Word id="tr_1_tl_47_w6" custom="readingOrder {index:5;}">
                    <Coords points="1023,1110 1023,1170 1108,1170 1108,1110 1023,1110 1023,1110 1023,1110 1023,1110 1023,1110 1023,1110 1023,1110 1023,1110"/>
                    <TextEquiv>
                        <Unicode>magebgleden,</Unicode>
                    </TextEquiv>
                </Word>
                <Word id="tr_1_tl_47_w7" custom="readingOrder {index:6;}">
                    <Coords points="1116,1108 1116,1168 1140,1168 1140,1108 1116,1108 1116,1108 1116,1108 1116,1108 1116,1108 1116,1108 1116,1108 1116,1108"/>
                    <TextEquiv>
                        <Unicode>door</Unicode>
                    </TextEquiv>
                </Word>
                <Word id="tr_1_tl_47_w8" custom="readingOrder {index:7;}">
                    <Coords points="1149,1107 1149,1167 1167,1167 1167,1107 1149,1107 1149,1107 1149,1107 1149,1107 1149,1107 1149,1107 1149,1107 1149,1107"/>
                    <TextEquiv>
                        <Unicode>ons</Unicode>
                    </TextEquiv>
                </Word>
                <Word id="tr_1_tl_47_w9" custom="readingOrder {index:8;}">
                    <Coords points="1177,1106 1177,1166 1211,1166 1211,1106 1177,1106 1177,1106 1177,1106 1177,1106 1177,1106 1177,1106 1177,1106 1177,1106"/>
                    <TextEquiv>
                        <Unicode>biiden</Unicode>
                    </TextEquiv>
                </Word>
                <Word id="tr_1_tl_47_w10" custom="readingOrder {index:9;}">
                    <Coords points="1222,1104 1222,1164 1314,1164 1314,1104 1222,1104 1222,1104 1222,1104 1222,1104 1222,1104 1222,1104 1222,1104 1222,1104"/>
                    <TextEquiv>
                        <Unicode>voorgehaelt.</Unicode>
                    </TextEquiv>
                </Word>
                <Word id="tr_1_tl_47_w11" custom="readingOrder {index:10;}">
                    <Coords points="1330,1104 1330,1164 1355,1164 1355,1104 1330,1104 1330,1104 1330,1104 1330,1104 1330,1104 1330,1104 1330,1104 1330,1104"/>
                    <TextEquiv>
                        <Unicode>Man</Unicode>
                    </TextEquiv>
                </Word>
                <Word id="tr_1_tl_47_w12" custom="readingOrder {index:11;}">
                    <Coords points="1372,1104 1372,1164 1385,1164 1385,1104 1372,1104 1372,1104 1372,1104 1372,1104 1372,1104 1372,1104 1372,1104 1372,1104"/>
                    <TextEquiv>
                        <Unicode>de</Unicode>
                    </TextEquiv>
                </Word>
                <Word id="tr_1_tl_47_w13" custom="readingOrder {index:12;}">
                    <Coords points="1398,1104 1398,1164 1415,1164 1415,1104 1398,1104 1398,1104 1398,1104 1398,1104 1398,1104 1398,1104 1398,1104 1398,1104"/>
                    <TextEquiv>
                        <Unicode>aen</Unicode>
                    </TextEquiv>
                </Word>
                <Word id="tr_1_tl_47_w14" custom="readingOrder {index:13;}">
                    <Coords points="1425,1105 1425,1165 1444,1165 1444,1105 1425,1105 1425,1105 1425,1105 1425,1105 1425,1105 1425,1105 1425,1105 1425,1105"/>
                    <TextEquiv>
                        <Unicode>mij</Unicode>
                    </TextEquiv>
                </Word>
                <Word id="tr_1_tl_47_w15" custom="readingOrder {index:14;}">
                    <Coords points="1453,1107 1453,1167 1463,1167 1463,1107 1453,1107 1453,1107 1453,1107 1453,1107 1453,1107 1453,1107 1453,1107 1453,1107"/>
                    <TextEquiv>
                        <Unicode>de</Unicode>
                    </TextEquiv>
                </Word>
                <TextEquiv>
                    <Unicode>zou vermaken over de variaties en mogelijkheden, door ons beiden voortgebracht. Maar het zou mij diep</Unicode>
                </TextEquiv>
            </TextLine>
            <TextLine id="tr_1_tl_48" custom="readingOrder {index:13;} blackening {offset:33; length:4;} textStyle {offset:33; length:4;strikethrough:true;}">
                <Coords points="822,1177 1464,1181 1464,1156 1432,1151 822,1151"/>
                <Baseline points="802,1170 839,1170 894,1168 927,1170 961,1170 995,1169 1040,1168 1013,1158 1044,1160 1066,1170 1129,1169 1196,1168 1230,1168 1264,1168 1297,1168 1331,1170 1365,1168 1398,1168 1432,1168 1466,1168"/>
                <Word id="tr_1_tl_48_w1" custom="readingOrder {index:0;}">
                    <Coords points="814,1121 814,1181 847,1181 847,1121 814,1121 814,1121 814,1121 814,1121 814,1121 814,1121 814,1121 814,1121"/>
                    <TextEquiv>
                        <Unicode>haven</Unicode>
                    </TextEquiv>
                </Word>
                <Word id="tr_1_tl_48_w2" custom="readingOrder {index:1;}">
                    <Coords points="860,1129 860,1189 877,1189 877,1129 860,1129 860,1129 860,1129 860,1129 860,1129 860,1129 860,1129 860,1129"/>
                    <TextEquiv>
                        <Unicode>als</Unicode>
                    </TextEquiv>
                </Word>
                <Word id="tr_1_tl_48_w3" custom="readingOrder {index:2;}">
                    <Coords points="889,1128 889,1188 904,1188 904,1128 889,1128 889,1128 889,1128 889,1128 889,1128 889,1128 889,1128 889,1128"/>
                    <TextEquiv>
                        <Unicode>het</Unicode>
                    </TextEquiv>
                </Word>
                <Word id="tr_1_tl_48_w4" custom="readingOrder {index:3;}">
                    <Coords points="921,1130 921,1190 951,1190 951,1130 921,1130 921,1130 921,1130 921,1130 921,1130 921,1130 921,1130 921,1130"/>
                    <TextEquiv>
                        <Unicode>lone</Unicode>
                    </TextEquiv>
                </Word>
                <Word id="tr_1_tl_48_w5" custom="readingOrder {index:4;}">
                    <Coords points="961,1129 961,1189 1002,1189 1002,1129 961,1129 961,1129 961,1129 961,1129 961,1129 961,1129 961,1129 961,1129"/>
                    <TextEquiv>
                        <Unicode>meisps</Unicode>
                    </TextEquiv>
                </Word>
                <Word id="tr_1_tl_48_w6" custom="readingOrder {index:5;}">
                    <Coords points="1014,1124 1014,1184 1047,1184 1047,1124 1014,1124 1014,1124 1014,1124 1014,1124 1014,1124 1014,1124 1014,1124 1014,1124"/>
                    <TextEquiv>
                        <Unicode>ai,</Unicode>
                    </TextEquiv>
                </Word>
                <Word id="tr_1_tl_48_w7" custom="readingOrder {index:6;}">
                    <Coords points="1060,1128 1060,1188 1085,1188 1085,1128 1060,1128 1060,1128 1060,1128 1060,1128 1060,1128 1060,1128 1060,1128 1060,1128"/>
                    <TextEquiv>
                        <Unicode>daar</Unicode>
                    </TextEquiv>
                </Word>
                <Word id="tr_1_tl_48_w8" custom="readingOrder {index:7;}">
                    <Coords points="1098,1130 1098,1190 1124,1190 1124,1130 1098,1130 1098,1130 1098,1130 1098,1130 1098,1130 1098,1130 1098,1130 1098,1130"/>
                    <TextEquiv>
                        <Unicode>myn</Unicode>
                    </TextEquiv>
                </Word>
                <Word id="tr_1_tl_48_w9" custom="readingOrder {index:8;}">
                    <Coords points="1135,1129 1135,1189 1159,1189 1159,1129 1135,1129 1135,1129 1135,1129 1135,1129 1135,1129 1135,1129 1135,1129 1135,1129"/>
                    <TextEquiv>
                        <Unicode>ogen</Unicode>
                    </TextEquiv>
                </Word>
                <Word id="tr_1_tl_48_w10" custom="readingOrder {index:9;}">
                    <Coords points="1173,1128 1173,1188 1199,1188 1199,1128 1173,1128 1173,1128 1173,1128 1173,1128 1173,1128 1173,1128 1173,1128 1173,1128"/>
                    <TextEquiv>
                        <Unicode>met</Unicode>
                    </TextEquiv>
                </Word>
                <Word id="tr_1_tl_48_w11" custom="readingOrder {index:10;}">
                    <Coords points="1210,1128 1210,1188 1240,1188 1240,1128 1210,1128 1210,1128 1210,1128 1210,1128 1210,1128 1210,1128 1210,1128 1210,1128"/>
                    <TextEquiv>
                        <Unicode>vote</Unicode>
                    </TextEquiv>
                </Word>
                <Word id="tr_1_tl_48_w12" custom="readingOrder {index:11;}">
                    <Coords points="1256,1128 1256,1188 1302,1188 1302,1128 1256,1128 1256,1128 1256,1128 1256,1128 1256,1128 1256,1128 1256,1128 1256,1128"/>
                    <TextEquiv>
                        <Unicode>delagen</Unicode>
                    </TextEquiv>
                </Word>
                <Word id="tr_1_tl_48_w13" custom="readingOrder {index:12;}">
                    <Coords points="1310,1129 1310,1189 1321,1189 1321,1129 1310,1129 1310,1129 1310,1129 1310,1129 1310,1129 1310,1129 1310,1129 1310,1129"/>
                    <TextEquiv>
                        <Unicode>op</Unicode>
                    </TextEquiv>
                </Word>
                <Word id="tr_1_tl_48_w14" custom="readingOrder {index:13;}">
                    <Coords points="1335,1129 1335,1189 1348,1189 1348,1129 1335,1129 1335,1129 1335,1129 1335,1129 1335,1129 1335,1129 1335,1129 1335,1129"/>
                    <TextEquiv>
                        <Unicode>de</Unicode>
                    </TextEquiv>
                </Word>
                <Word id="tr_1_tl_48_w15" custom="readingOrder {index:14;}">
                    <Coords points="1359,1128 1359,1188 1401,1188 1401,1128 1359,1128 1359,1128 1359,1128 1359,1128 1359,1128 1359,1128 1359,1128 1359,1128"/>
                    <TextEquiv>
                        <Unicode>leende</Unicode>
                    </TextEquiv>
                </Word>
                <Word id="tr_1_tl_48_w16" custom="readingOrder {index:15;}">
                    <Coords points="1410,1128 1410,1188 1463,1188 1463,1128 1410,1128 1410,1128 1410,1128 1410,1128 1410,1128 1410,1128 1410,1128 1410,1128"/>
                    <TextEquiv>
                        <Unicode>derleling</Unicode>
                    </TextEquiv>
                </Word>
                <TextEquiv>
                    <Unicode>bedroeven als het louter meisjes zijn waren, daar mijn ogen met groter behagen op de levende herhaling</Unicode>
                </TextEquiv>
            </TextLine>
            <TextEquiv>
                <Unicode></Unicode>
            </TextEquiv>
        </TextRegion>
    </Page>
</PcGts>
