1500 1204
11 0 35 46 van
44 0 71 50 myn
86 0 147 50 aelgenoot
163 0 197 48 eende
209 0 256 49 oeder,
265 0 285 50 den
296 0 322 51 wyn
334 0 377 51 jeugdig
397 0 446 50 ealens
459 0 516 52 evendeeld
528 0 556 52 mijn
565 0 615 54 ydelders
624 0 640 56 ten
650 0 667 58 Are

12 14 25 74 k
40 12 55 72 den
69 14 119 74 vollodig
135 15 145 75 op
157 16 167 76 de
179 16 217 76 koose
229 16 252 76 met
262 16 266 76 d
281 17 335 77 gooelens
346 17 365 77 van
375 17 417 77 navven
432 16 443 76 en
462 16 489 76 stll
507 16 537 76 hiom
559 16 579 76 der
590 17 613 77 mer

21 34 63 94 leefde
70 34 131 94 betuiginge
144 35 165 95 van
179 39 195 99 een
207 35 245 95 Aleins
254 35 291 95 jongen
303 33 383 93 wedyoerende
394 32 471 92 familielede
497 33 517 93 das
525 32 534 92 is
544 34 563 94 mij
578 33 601 93 met

15 51 79 111 aangeboren
92 50 130 110 aanleg
142 50 153 110 om
168 44 191 104 met
202 49 251 109 kinderen
263 51 275 111 on
285 52 293 112 te
303 51 333 111 gaan
346 50 372 110 niet
385 50 436 110 maalis
452 48 465 108 in
473 48 496 108 mer
512 49 523 109 as

14 70 34 130 het
44 70 104 130 strijdpert
112 70 116 130 &
133 69 164 129 deden
183 68 202 128 het
212 68 259 128 verveelt
271 67 289 127 mij
305 67 357 127 kemelik
369 66 392 126 met
407 66 414 126 e
438 64 468 124 laag
485 64 509 124 men
514 63 516 123 s

7 92 41 152 mijn
53 90 82 150 keng
93 91 120 151 tegen
128 90 176 150 uitlleden
189 89 264 149 protesterend
278 88 325 148 neefps,
333 87 360 147 door
369 86 386 146 een
397 86 416 146 van
427 86 453 146 min
467 84 523 144 kandsge
532 86 568 146 foespe
578 88 603 148 puet
614 88 623 148 in
633 88 648 148 het

15 114 74 174 inpramo
88 112 152 172 versclynen
172 112 183 172 de
195 109 239 169 parlel
252 108 275 168 qap
285 108 305 168 van
317 108 329 168 de
341 108 383 168 mereld
397 107 434 167 meens
445 107 453 167 te
460 107 497 167 nien,
503 106 517 166 zo
527 106 551 166 niet
558 106 572 166 de
585 108 660 168 veelregend

16 134 81 194 afgundige
90 132 132 192 zullen
148 131 245 191 dezmedsdingen
261 130 289 190 naar
300 129 320 189 zijn
329 129 385 189 gunsten,
392 130 426 190 dant
436 130 448 190 zy
459 130 484 190 min
498 128 534 188 goede
544 131 572 191 harf
588 132 602 192 en
614 133 649 193 poet

16 156 39 216 dees
49 156 69 216 van
82 155 110 215 myn
125 153 182 213 enoe
198 152 232 212 gelid
250 152 312 212 vermogen
319 151 323 211 &
341 148 399 208 Amperen

12 176 27 236 te
38 172 95 232 volkomen
110 170 160 230 bos
173 170 185 230 de
196 166 239 226 setters
248 166 330 226 belemstelling
346 166 364 226 des
372 166 384 226 op
397 165 408 225 de
419 164 507 224 verjaardag
523 164 537 224 de
553 165 593 225 llens
606 166 647 226 jongen

17 192 119 252 binnentredende
126 190 177 250 gesten,
191 187 206 247 da
220 186 242 246 hun
258 186 264 246 z
287 184 356 244 zogousdig
371 184 446 244 uitgezoelte
458 185 540 245 cadsantp,
547 186 601 246 waarmee
617 187 632 247 zij

21 216 35 276 de
51 213 57 273 m
99 211 118 271 ges
153 209 163 269 de
174 208 200 268 loof
210 206 254 266 gaams
271 206 312 266 ledden
324 204 402 264 afgestolen,
418 205 489 265 onverwid
515 204 530 264 na
548 204 567 264 het
583 206 644 266 moszaam

15 234 78 294 opdringen
93 231 150 291 achteloos
162 230 171 290 in
183 230 209 290 mijn
224 228 262 288 schoot
278 228 294 288 tie
312 226 370 286 werpen,
386 226 439 286 waarna
459 225 476 285 het
488 225 531 285 eind,
542 224 570 284 mijn
590 224 611 284 als
626 226 675 286 prente

109 255 147 315 od
168 249 238 309 redee
258 248 268 308 is
278 248 290 308 de
303 248 335 308 land
350 247 402 307 geklems
419 248 444 308 met
457 248 486 308 min
503 246 546 306 meest
562 244 629 304 toetvolle

109 265 132 325 tot
142 268 179 328 bandp
193 266 221 326 geoen
233 265 268 325 wordt
276 264 346 324 verleid,
354 264 399 324 weelp
411 264 435 324 ws
461 265 482 325 wy
493 264 510 324 gen
522 264 549 324 wes
562 264 592 324 beren
612 264 654 324 helen

28 306 660 332 daar komt een nieuw mens in onze dierentuin. Laat es zien wat een grote beer jij vandaag
27 323 676 352 bent geworden?" En hij laat zich trots bekijken, de buik vooruit, de handjes als klauwtjes
22 331 66 391 getagen
75 328 82 388 m
109 326 124 386 een
136 324 202 384 vervaulis
216 320 254 380 getrom
274 317 285 377 /
305 316 325 376 Tae
339 314 352 374 ti
361 313 388 373 nes
397 314 408 374 de
422 314 481 374 deplorng
491 313 508 373 der
517 316 582 376 verledende
591 317 627 377 tarte
638 312 647 372 vo

22 348 81 408 gevallen,
91 347 107 407 die
115 346 124 406 in
135 344 165 404 haar
179 342 245 402 verlendeed
265 342 275 402 in
287 340 298 400 de
312 338 325 398 de
335 338 366 398 beren
375 338 436 398 quinaaren
452 338 482 398 daar
498 338 540 398 telart
550 338 573 398 niet
588 338 634 398 bemelt

28 380 651 406 Het is dan ook een kostelijke kleine jongen. Tekenend aan mijn tafel is het onmogelijk zijn verleidings-
23 396 661 425 pogingen te weerstaan. "Ik ben een politieagent," zegt hij en trekt mijn gezicht kin naar zich toe, "ga
27 412 641 439 je mee naar het bal?" "Graag," roep ik verheugd, "ik zal een taxi bestellen. Ik bel op en ga verheugd
22 431 650 457 met dit uitstel weer vlug aan het werk. Na twee minuten en wat heeft hij gedurende die tijd popelend op
22 446 673 472 mijn uitdrukkingloos gezicht de opheldering bij 't vernemen der denkbeeldige taxiclaxon zitten wachten, wr
20 459 651 487 een trekje aan mijn kin. Mijn hoofd draait naar hem toe, doch mijn ogen blijven naar mijn tekening
26 472 664 502 kijken. "Daar is de taxi," zegt hij in vrees en beven. Zou ik te verleiden zijn? Wij zitten gehurkt achter
22 491 686 520 elkaar op de grond, grijpen elkaar gillend vast bij gierende bochten en rollen bijna de wagen uit tijdens het remmen.
19 505 673 534 In de slaapkamer is het bal. Wij buigen in het rond naar de hoogste gasten en een lustig dansje wordt
19 524 679 550 ingezet. Wij halen ons mooie prijzen uit de kast en trekken voldaan weer naar huis. Met hernieuwde
29 521 104 581 versmy
114 522 138 582 van
147 522 158 582 op
168 520 194 580 myn
207 518 238 578 werk
256 519 272 579 ds
286 517 323 577 endele
333 516 394 576 mineen,
400 515 414 575 zy
424 514 459 574 heeft
473 514 486 574 de
493 514 530 574 goeten
542 517 562 577 vol
572 518 593 578 het

14 543 48 603 hyzen
57 540 105 600 getoms,
112 540 149 600 notige
161 538 172 598 sy
181 538 195 598 my
207 536 222 596 uit
231 536 256 596 voor
264 536 279 596 eer
291 535 323 595 niuw
340 534 351 594 en
363 534 388 594 aas
398 532 470 592 schitterende
485 532 518 592 bet,
525 534 538 594 an
549 534 557 594 in
565 534 577 594 de
580 534 614 594 fonde
620 534 637 594 van
642 536 667 596 tege

19 560 50 620 Mes,
61 560 112 620 veigenis
122 559 134 619 nu
150 558 196 618 beslist,
203 556 225 616 nae
239 556 248 616 is
257 556 270 616 ge
281 556 294 616 nu
304 556 328 616 niet
337 554 360 614 met
384 552 433 612 bramet
445 551 462 611 heb
472 551 476 611 &
493 551 517 611 met
528 552 544 612 een
556 553 632 613 politicagent
642 555 661 615 omp

18 582 64 642 deeren
79 582 158 642 Intgedend.
170 579 181 639 Ee
197 578 230 638 ander
240 577 281 637 dartje
328 574 348 634 ben
360 574 374 634 ge
385 574 389 634 e
408 574 444 634 alleen
463 574 490 634 zogt
501 574 513 634 dy
526 574 597 634 verzoed,
615 574 618 634 d
633 574 639 634 p
653 576 678 636 maa

15 606 50 666 lopen
62 605 72 665 en
85 604 96 664 zy
110 602 162 662 verdeyn
173 602 182 662 in
194 600 206 660 de
217 598 243 658 hall
265 597 310 657 dmeel
322 595 355 655 austig
365 594 417 654 werder,
422 594 459 654 maar
474 595 515 655 worde
524 596 585 656 pleteelig
604 597 631 657 toet
644 598 657 658 de

13 626 96 686 neuwgg
116 626 143 686 was
153 625 171 685 zou
182 623 195 683 hy
205 622 231 682 daar
242 620 263 680 toe
276 620 283 680 in
291 619 341 679 woeren,
348 618 418 678 heemans
431 618 471 678 alleen
501 616 537 676 wil
551 618 584 678 sluig
597 618 610 678 op
621 619 648 679 min

12 652 43 712 tenen
50 652 83 712 naar
96 651 110 711 de
119 650 147 710 hall
165 648 176 708 en
188 647 207 707 lyk
218 646 229 706 om
249 645 266 705 hes
279 643 313 703 keelj
330 642 344 702 de
354 642 372 702 van
381 642 393 702 de
406 642 487 702 slaaphaner
493 642 519 702 deur

14 674 29 734 gy
39 672 67 732 daes
77 673 129 733 probeut
143 671 170 731 min
185 670 216 730 jonge
224 670 249 730 naf
267 669 285 729 die
300 668 321 728 heb
336 667 357 727 den
373 667 432 727 niemand
445 668 485 728 wordt
495 669 527 729 gezie
546 670 555 730 in
566 670 579 730 de
591 670 653 730 vollomen

17 695 35 755 lg
47 694 91 754 kamer,
102 693 145 753 volgens
158 692 178 752 zyn
190 692 264 752 kerinnering
273 692 285 752 de
299 691 331 751 dans
340 690 356 750 na
367 690 375 750 te
384 690 443 750 volgen,
450 690 467 750 des
477 691 496 751 wy
508 692 520 752 en
526 692 545 752 het
557 692 604 752 minute
620 696 661 756 geleden

13 716 50 776 gane
68 716 108 776 hebben
117 715 182 775 utgvod
207 714 214 774 t
231 712 261 772 grote
273 714 336 774 spanning
351 712 374 772 lijl
388 712 400 772 is
411 712 437 772 man
459 713 472 773 de
485 714 545 774 overgaas
560 716 570 776 in
581 716 603 776 zijn
658 720 695 780 esal

14 742 59 802 stijte,
63 741 74 801 op
88 740 140 800 rgissen
156 738 224 798 beelenende
238 738 318 798 bevogingen,
325 736 355 796 naar
368 736 385 796 het
396 735 460 795 opgeleven
470 736 507 796 hendt
523 737 551 797 voor
561 738 585 798 zijn
598 740 611 800 de
622 742 677 802 Huldee

17 766 49 826 dens
62 765 68 825 t
90 765 113 825 stem
140 764 168 824 naar
181 763 197 823 het
208 762 251 822 ertig
268 762 279 822 en
292 762 353 822 dalende
363 762 419 822 geweltje
444 758 468 818 van
487 758 527 818 bugt
538 762 552 822 bi
565 762 617 822 peltie
630 763 638 823 in

17 788 39 848 het
48 786 123 846 rontbult
133 786 142 846 in
154 786 166 846 de
177 786 206 846 bast
220 786 253 846 naar
269 785 287 845 een
295 785 323 845 prys
385 783 424 843 laars
437 784 460 844 mmy
472 784 492 844 uit
508 784 522 844 de
536 784 575 844 keulen
586 784 597 844 te
613 785 652 845 komen

13 812 35 872 als
47 810 59 870 by
74 810 93 870 het
105 809 123 869 my
134 808 159 868 het
167 808 190 868 den
218 806 231 866 10
247 806 282 866 deel
298 806 322 866 met
329 806 339 866 de
346 806 365 866 rug
375 806 395 866 van
408 806 437 866 min
451 807 494 867 vingen
518 808 548 868 over
557 809 569 869 ze
592 808 640 868 gladde
651 809 683 869 land

21 836 71 896 vangen
86 835 92 895 e
114 834 132 894 zet
144 834 165 894 ham
185 832 232 892 flutes
247 832 260 892 op
271 832 298 892 mijn
313 832 376 892 schonders
392 832 404 892 en
419 832 450 892 vael
461 833 484 893 mij
499 833 523 893 deer
539 835 601 895 verkingd

441 952 468 1012 Dt
480 954 507 1014 1994
549 956 588 1016 Jarop

791 476 813 536 Een
827 478 856 538 bae

899 524 976 575 5 Nov. 1944
789 543 814 603 van
829 543 855 603 den

797 563 1447 604 Nu het blijkt dat post vrij vlug vordert over een brief, die niet pretendeert iets om het lijf te hebben.
800 580 1446 620 Hoe gaat het je toch? Hoe eten jullie? Wij hebben van de keuken, doch slechts een halve liter per man, zodat wij
814 585 829 645 de
844 592 854 652 op
860 595 870 655 de
880 592 915 652 kocht
928 592 954 652 wee
976 592 998 652 vet
1009 591 1043 651 moet
1049 591 1078 651 lde
1090 592 1134 652 ophit
1141 590 1149 650 in
1160 590 1201 650 buders
1212 590 1232 650 met
1242 590 1252 650 de
1262 590 1326 650 devemont
1337 590 1349 650 de
1364 590 1377 650 on
1390 590 1400 650 de
1410 590 1463 650 kaaullif

803 617 1434 652 op de grond valt en het kleed doordrenkt, benevens mijn ma, doch die van tranen. Hebben jullie eigenlijk
802 636 1445 671 nog electriciteit? Wij zitten bij het oliepitje en onze kleren hangen gekreukeld en niet meer zo bijzonder
797 644 852 704 domom
868 642 884 702 aul
901 642 951 702 eeren
966 642 979 702 be
987 642 1018 702 oorlog
1028 642 1069 702 vedert
1081 642 1099 702 ree
1114 642 1156 702 welt,
1177 642 1211 702 vaag
1220 642 1236 702 my
1245 643 1269 703 af,
1276 641 1327 701 doelang

796 663 825 723 gellen
835 662 862 722 daer
874 661 890 721 der
895 660 944 720 groepven
957 660 975 720 van
988 660 1007 720 elle
1020 660 1043 720 nou
1065 660 1075 720 en
1084 660 1128 720 soeaal
1139 660 1151 720 zy
1160 660 1164 720 e
1187 661 1202 721 all
1212 661 1276 721 begroepen
1301 662 1321 722 den
1337 662 1344 722 d
1358 662 1388 722 myen
1409 664 1429 724 gul

795 681 826 741 nde
841 680 924 740 oggedagen,
930 680 941 740 od
954 680 969 740 ha
989 680 1021 740 heme
1048 679 1062 739 en
1070 678 1088 738 dos
1096 678 1118 738 dan
1132 678 1153 738 dun
1164 678 1211 738 netting
1221 680 1241 740 zal
1253 680 1288 740 zin,
1301 680 1337 740 gerien
1352 683 1438 743 ontogebelan

789 700 811 760 edel
825 698 882 758 bevrydinge
887 699 934 759 geoodeng
952 698 991 758 rrijds
1005 698 1035 758 deloo
1051 697 1059 757 te
1072 697 1122 757 samee,
1128 698 1163 758 indien
1177 698 1189 758 de
1202 696 1255 756 daaroon
1272 698 1282 758 in
1295 699 1373 759 aanmeeling
1387 702 1425 762 fomen

791 719 821 779 deter
832 718 869 778 debo
902 716 952 776 ongendg
965 716 1035 776 vele1dgg
1066 714 1079 774 de
1092 714 1124 774 deut
1136 714 1159 774 nog
1168 714 1185 774 end
1197 715 1212 775 een
1218 716 1244 776 per
1264 715 1307 775 edt
1316 714 1329 774 en
1343 719 1364 779 zet
1388 733 1410 793 gl
1421 734 1427 794 e

788 738 808 798 det
815 736 818 796 d
830 736 896 796 gediedenis
907 735 925 795 van
935 735 941 795 m
972 734 1000 794 led
1018 734 1047 794 gaat
1055 734 1071 794 het
1081 734 1101 794 hel
1113 734 1125 794 ee
1134 734 1185 794 tagisel
1204 732 1230 792 el
1248 732 1269 792 bon
1280 734 1309 794 ges
1323 734 1352 794 deeft
1363 731 1373 791 de

785 756 800 816 me
811 754 825 814 my
835 754 888 814 voorgead
905 754 923 814 dat
931 754 979 814 ondaals
992 754 1014 814 min
1030 754 1075 814 verword
1085 754 1127 814 poginge
1145 754 1169 814 min
1181 752 1246 812 aandaal
1259 752 1285 812 met
1293 752 1307 812 it
1320 752 1363 812 anders
1374 754 1418 814 berigte
1425 756 1461 816 konden

784 772 789 832 n
814 772 826 832 da
848 772 868 832 den
885 772 920 832 depog
932 772 955 832 olf
971 772 1025 832 dokelven
1037 772 1048 832 en
1062 772 1080 832 my
1092 772 1131 832 zeeler
1139 773 1153 833 va
1178 772 1298 832 heuetaanroden
1320 781 1340 841 gen

801 797 1448 832 meest gevarieerde mannen, met overanderlijke onverschilligheid doet afwijzen? Ach j, de jongen
806 813 1451 850 die ik liefheb, s ook werkelijk onovertrefbaar, gn is er, die mij met zijn geest zo weet te treffen
782 822 800 882 gen
817 822 829 882 de
843 818 872 878 zond
885 819 924 879 mogen
932 820 970 880 kleden
982 821 1018 881 et,
1025 823 1078 883 nemens
1090 824 1121 884 wiens
1133 824 1179 884 iitewis
1190 824 1228 884 md
1246 824 1296 884 kont,
1305 824 1318 884 en
1327 824 1377 884 bestaal
1386 825 1399 885 as
1410 827 1423 887 ge
1443 828 1454 888 ee

799 848 1473 887 gezicht op de wereld, daarbij gevoegd het figuur van, nu ja, van een Balinese danser bijvoorbeeld,
796 862 1447 903 zo lenig en zo elegant, ziedaar zijn portret! Afijn, je kent hem! Kortom, er is nu niets meer aan te
787 873 814 933 dan
835 870 871 930 dite
882 870 900 930 het
914 868 925 928 en
936 868 969 928 wats
985 869 1001 929 het
1011 869 1030 929 huu
1051 870 1067 930 nie
1080 870 1110 930 waer
1125 871 1147 931 dat
1157 872 1160 932 d
1174 872 1190 932 des
1200 872 1218 932 voo
1233 872 1255 932 hem
1268 872 1295 932 niet
1304 873 1320 933 den
1347 874 1373 934 wat
1378 874 1390 934 as
1401 878 1418 938 det
1431 878 1435 938 h

787 891 828 951 somme
842 890 853 950 da
867 889 880 949 hy
887 888 889 948 m
906 887 925 947 noo
938 886 959 946 van
970 886 1013 946 woorde
1020 887 1045 947 heeft
1055 887 1088 947 kunne
1101 889 1152 949 datte;
1161 890 1173 950 al
1178 890 1193 950 mi
1211 890 1259 950 gectelyk
1270 890 1300 950 gaven
1311 892 1355 952 woden
1365 893 1377 953 de
1385 894 1420 954 werel

783 911 815 971 gette
825 910 874 970 gegooid,
880 909 913 969 lomgs
922 908 931 968 is
943 908 974 968 onder
985 908 1003 968 zijn
1016 908 1030 968 og
1053 908 1085 968 altijd
1104 908 1202 968 manaplaseer
1210 911 1219 971 in
1230 912 1241 972 en
1258 912 1291 972 koute
1305 913 1342 973 waar
1364 912 1377 972 be
1390 912 1413 972 bal
1430 915 1447 975 ein

794 937 1476 979 matressenog steeds te beminnen en het moet mij node van het hart, dat zij, nu ik haar heb leren kennen, niet
793 951 1470 990 onverdienstelijk blijkt te zijn. Hoezeer ik haar ook haat moet ik dit fier bekennen! Zij omringt mij met liefde,
796 967 1461 1005 zij helpt mij soms plaatjes kleuren, als zij eens langskomt en verkwikt mij daartijdens met verhalen over
793 985 1464 1021 haar liefdeleven. Heel vaak reeds heeft zij mij uitgenodigd te blijven logeren, maar men krijgt mij met
794 1001 1458 1040 geen stok over de drempel. Laatst vertelde zij mij terloops, dat zij niet meer zo goed zien kon af en
781 1010 798 1070 toe
808 1010 821 1070 en
828 1009 836 1069 is
846 1008 902 1068 verkugde
912 1008 928 1068 my
938 1008 977 1068 darg,
982 1008 1005 1068 wan
1017 1008 1022 1068 d
1037 1007 1065 1067 doel
1084 1006 1104 1066 dat
1112 1006 1124 1066 zy
1132 1006 1162 1066 bind
1173 1008 1204 1068 werd
1221 1009 1254 1069 maar
1266 1010 1298 1070 zyns
1309 1009 1332 1069 het
1342 1010 1367 1070 nog
1380 1013 1413 1073 Aade
1418 1014 1442 1074 muet

782 1028 798 1088 zij
804 1026 834 1086 dgg
848 1026 872 1086 zelp
882 1026 899 1086 gen
912 1026 941 1086 bil,
947 1026 969 1086 wat
977 1026 1007 1086 daar
1015 1026 1039 1086 het
1047 1026 1060 1086 al
1069 1025 1090 1085 nie
1104 1024 1118 1084 ze
1134 1025 1190 1085 byzonder
1200 1027 1243 1087 welyk
1258 1028 1343 1088 aanmegdelk
1355 1031 1369 1091 den
1379 1037 1404 1097 daer
1411 1040 1420 1100 ge

791 1052 1462 1091 Maar mocht dit geluk mij toch beschoren worden, dan was ik nog even ver van huis, want mijn liefste is
792 1068 1457 1107 een edel mens en kijkt alleen maar naar de geest. Ik heb, om mijn vertrapte eer op te houden,
793 1085 1481 1124 kort na zijn neuzen in mijn diepste geheim, mij een gefantaseerde verloofde aangeschaft, waar hij belangstellend
775 1099 1444 1140 naar blijft informeren! Het steekt mij met giftige peinen, dat hij zich zeer verheugt wanneer hij mij ontmoet en zelfs
790 1113 1436 1156 voor mij gaat tekenen, zodra ik dit maar wens; hoe ontroerend zo'n tekening is. Gemaakt met zijn
787 1127 1258 1170 dierbare handen; ik druk ze aan mijn hart voordat ik ze in een la leg!
788 1140 1461 1183 Het komt mij bet voor dat het beter is met schrijven uit te scheiden; van mijn tranen wordt het papier z nat! Soms komt
1232 1154 1341 1186 een zucht, dan waait 't weer van de tafel!
906 1156 1150 1189 Je droefgestemde,
