1500 1203
1008 0 1130 41 Ik ben een held
804 27 860 64 april 1945
1263 501 1325 538 Na 4 uren
1261 512 1480 555 "Mevrouw, ik heb zo'n verschrikkelijke honger.
1243 526 1448 567 Ziet u, ik kom regelrecht uit Amsterdam.
1243 537 1472 579 De kogelgaten zitten mij nog in mijn rok; o toe
1246 549 1372 587 helpt u mij aan wat brood!"
804 870 1112 910 Tegelijkertijd stond eraan de overkant een militaire auto
801 886 865 923 te wachten
803 898 1104 940 "Hé Jimmy, what does that unusual act mean, a begging girl?"
798 916 1107 959 "Gee Bob, mind her clothes - I would swear she's been shooted. I
813 933 909 972 wonder by whom?"
806 947 1098 988 "Lets get to her and ask, what this crime may be."
1197 770 1342 810 "Is the lady able to get in?"
1193 786 1388 826 "O thanks God if you want to help me!"
1046 1090 1429 1132 Na heerlijk in de auto gevoed en gefuifd te zijn op echte
1045 1108 1449 1147 Amerikaanse sigaretten gaat het op weg naar tante Tieke
1048 1123 1469 1162 die over zoveel moed mijnerzijds geheel onderste boven was!
