1500 1191
1214 316 1444 358 Het gehoon der nonnen en inwoners van
1207 332 1443 374 Reuver valt met geen pen te beschrijven.
826 1080 1439 1128 Te midden van de enthousiaste inwoners van Reuver, naast de gewonde man, die zonder de windsels van mijn
829 1099 1432 1142 in repen gescheurde jurk beslist doodgebloed zou zijn, worden mij de fraaiste cadeaus aangeboden en
829 1122 1016 1161 de roerendste ovaties gebracht
