1500 1195
762 25 1452 63 Mannen luisteren nooit naar een vrouw. Óf zij zijn niet geïnteresseerd
766 51 1451 82 omdat zij niet met haar naar bed willen, of zij zijn niet geïnteresseerd
766 64 1138 107 omdat zij met haar naar bed willen
1186 75 1238 113 1962
780 107 1453 162 Mannen zijn net als katten, het zijn beide zwervers. bij Sommigen houden
780 138 1405 184 het jaren vol maar de meeste heren worden begraven na een
790 163 1151 210 ogenschijnlijk deugdzaam bestaan
1274 180 1313 196 1963
