2479 3508
451 336 533 396 men
565 333 603 393 en
632 333 715 393 naar
741 333 942 393 Duitsland
969 333 1178 393 gezonden.
1202 331 1284 391 Hun
1318 334 1447 394 andere
1471 333 1584 393 zoon,
1608 335 1659 395 die
1686 335 1761 395 niet
1782 334 1968 394 helemaal
1986 336 2157 396 normaal

451 404 493 464 is,
517 402 618 462 heeft
644 403 708 463 ons
732 404 914 464 geholpen
943 404 1020 464 met
1044 402 1081 462 de
1108 404 1232 464 wagen
1261 404 1290 464 in
1322 404 1361 464 de
1388 405 1462 465 tuin
1494 407 1523 467 te
1550 404 1684 464 zetten.
1708 404 1819 464 Greet
1846 404 1949 464 droeg
1978 404 2044 464 mij
2068 404 2148 464 naar

453 476 572 536 boven
601 474 638 534 en
667 476 749 536 daar
770 474 834 534 heb
863 476 889 536 ik
918 476 1037 536 tussen
1064 476 1217 536 kussens
1244 478 1278 538 op
1313 476 1349 536 de
1376 476 1476 536 divan
1503 476 1622 536 liggen
1649 478 1770 538 huilen
1800 477 1860 537 net
1882 478 2006 538 zolang
2035 479 2154 539 totdat

447 545 510 605 wij
533 545 625 605 weer
649 548 890 608 weggingen.

447 614 518 674 Van
548 619 735 679 mijnheer
759 619 916 679 Sanders
938 620 1023 680 krijg
1054 620 1080 680 ik
1110 619 1172 679 een
1199 620 1389 680 habybor,
1410 621 1464 681 die
1491 619 1591 679 heeft
1612 620 1666 680 hij
1687 622 1776 682 nog.
1803 619 1871 679 Wij
1892 622 1960 682 zijn
1990 621 2147 681 dezelfde

450 694 515 754 dag
541 693 634 753 terug
660 691 791 751 gegaan
816 693 916 753 langs
939 694 976 754 de
999 694 1246 754 Emmastraat
1266 694 1303 754 en
1328 694 1365 754 de
1391 695 1624 755 Apollolaan.
1644 694 1712 754 ten
1735 692 1908 752 heerlijke
1929 694 2150 754 wandeling,

447 766 505 826 Als
527 766 590 826 het
609 766 787 826 volgende
814 765 905 825 week
934 766 1024 826 goed
1051 766 1142 826 weer
1163 766 1187 826 is
1209 768 1294 828 gaan
1323 766 1379 826 wij
1401 766 1491 826 weer
1513 766 1568 826 uit
1587 766 1664 826 met
1686 766 1723 826 de
1747 766 1888 826 wagen.

444 837 480 897 lk
511 837 574 897 ben
608 837 697 897 weer
722 836 998 896 aangekomen,
1020 837 1048 897 ik
1079 839 1170 899 weeg
1201 839 1240 899 nu
1274 837 1284 897 5
1313 840 1409 900 pond
1441 840 1477 900 en
1508 840 1568 900 170
1597 839 1713 899 gram.
1741 839 1797 899 We
1822 840 1967 900 hebben
1998 840 2036 900 de
2064 840 2128 900 dok

446 906 500 966 ter
522 909 653 969 gebeld
677 909 715 969 en
743 910 769 970 ik
800 912 900 972 kreeg
927 911 1006 971 met
1014 909 1071 969 een
1099 912 1185 972 mijn
1216 914 1490 974 melkrantsoen
1520 912 1726 972 verhoogd.
1751 912 1963 972 Tweederde
1987 912 2080 972 melk
2110 912 2145 972 en

450 984 635 1044 eenderde
660 984 782 1044 water.
801 984 832 1044 Ik
860 982 923 1042 heb
957 984 1020 1044 ook
1048 981 1139 1041 weer
1159 986 1275 1046 liggen
1303 984 1427 1044 huilen
1455 984 1513 1044 van
1541 984 1605 1044 vijf
1627 987 1682 1047 tot
1702 985 1776 1045 half
1796 984 1921 1044 zeven.
1940 984 1995 1044 Nu
2023 984 2090 1044 ben
2118 984 2145 1044 ik

447 1055 481 1115 in
510 1055 602 1115 slaap
634 1055 816 1115 gevallen.

445 1198 480 1258 25
505 1201 659 1261 januari
678 1198 762 1258 1943

444 1268 524 1328 Net
544 1268 610 1328 hae
641 1267 669 1327 ik
697 1267 758 1327 een
786 1270 922 1330 schone
948 1270 1039 1330 huier
1062 1269 1120 1329 aan
1151 1267 1187 1327 of
1209 1270 1237 1330 ik
1268 1269 1354 1329 deed
1382 1267 1440 1327 een
1471 1270 1643 1330 geweldig
1672 1270 1813 1330 bolusje
1838 1270 1866 1330 in
1897 1273 1983 1333 mijn
2014 1273 2147 1333 schone

451 1341 548 1401 huier
567 1339 602 1399 en
629 1340 691 1400 het
710 1339 778 1399 was
797 1342 881 1402 juist
903 1339 1013 1399 nogal
1033 1342 1203 1402 sukkelen
1231 1342 1306 1402 met
1325 1342 1363 1402 de
1388 1342 1509 1402 huiers.
1528 1342 1683 1402 Morgen
1710 1342 1794 1402 gaan
1821 1342 1869 1402 we
1891 1342 1924 1402 er
1946 1342 1994 1402 bij
2013 1342 2151 1402 kopen.

451 1410 486 1470 Ik
518 1413 587 1473 had
616 1413 703 1473 mijn
735 1413 830 1473 Hesje
860 1413 993 1473 gehad.
1013 1413 1045 1473 Ik
1077 1413 1184 1473 wilde
1211 1414 1288 1474 niet
1312 1413 1422 1473 meer,
1446 1414 1506 1474 een
1535 1416 1680 1476 staartje
1706 1416 1802 1476 bleef
1828 1413 1859 1473 er
1883 1416 1935 1476 in.
1959 1416 2036 1476 Dat
2060 1416 2152 1476 geeft

453 1485 532 1545 Oor
554 1487 619 1547 mij
641 1486 704 1546 nu.
725 1485 754 1545 lk
784 1485 847 1545 ben
876 1485 1206 1545 nesverkouden,
1228 1488 1267 1548 de
1291 1488 1368 1548 hele
1392 1488 1453 1548 dag
1482 1488 1585 1548 moet
1604 1488 1691 1548 mijn
1720 1488 1807 1548 neus
1828 1485 2151 1545 schoongemaakt

446 1558 618 1618 worden.
637 1559 666 1619 Ik
693 1557 756 1617 heb
783 1557 926 1617 heerlijk
956 1557 1014 1617 een
1038 1560 1157 1620 uurtje
1178 1560 1207 1620 in
1237 1560 1273 1620 de
1298 1560 1369 1620 tuin
1396 1560 1536 1620 gestaan
1566 1560 1810 1620 vanmorgen.
1829 1560 1860 1620 In
1887 1561 1948 1621 het
1967 1560 2149 1620 zonnetje,

442 1631 522 1691 Het
543 1628 569 1688 is
591 1628 737 1688 heerlijk
767 1631 873 1691 weer,
894 1634 1003 1694 alleen
1030 1634 1176 1694 kouder
1200 1634 1261 1694 dan
1294 1631 1466 1691 gisteren.
1488 1634 1541 1694 Nu
1573 1634 1658 1694 gaan
1687 1633 1735 1693 we
1762 1631 1839 1691 met
1863 1631 1926 1691 ons
1951 1631 2038 1691 allen
2068 1634 2147 1694 naar

444 1703 536 1763 bed.
564 1703 612 1763 Om
659 1706 730 1766 drie
757 1703 825 1763 uur
847 1706 898 1766 zal
917 1706 944 1766 ik
974 1705 1029 1765 me
1056 1705 1121 1765 wel
1143 1703 1235 1763 weer
1257 1706 1423 1766 melden.
1442 1705 1594 1765 Vlukkie
1619 1704 1665 1764 zit
1687 1706 1804 1766 onder
1828 1703 1866 1763 op
1899 1706 1937 1766 de
1962 1706 2048 1766 tafel
2068 1705 2149 1765 naar

442 1778 513 1838 mij
536 1777 570 1837 en
598 1776 709 1836 Greet
729 1775 757 1835 te
778 1777 919 1837 kijken.
943 1777 1022 1837 Ook
1048 1778 1101 1838 hij
1119 1778 1221 1838 moet
1241 1778 1324 1838 naar
1344 1775 1432 1835 bed.
1458 1777 1509 1837 We
1532 1778 1656 1838 leggen
1682 1778 1958 1838 tegenwoordig
1987 1778 2043 1838 een
2069 1778 2143 1838 stuk

451 1849 582 1909 papier
604 1847 630 1907 in
661 1849 698 1909 de
723 1847 886 1907 keuken,
905 1849 957 1909 hij
976 1846 1098 1906 houdt
1120 1849 1180 1909 van
1207 1849 1272 1909 iets
1294 1849 1354 1909 dat
1376 1849 1500 1909 ritselt.

447 1987 487 2047 26
512 1987 663 2047 januari
682 1988 763 2048 1943

444 2058 539 2118 Mijn
566 2058 773 2118 huiluurtje
797 2058 858 2118 heb
887 2058 914 2118 ik
943 2058 1033 2118 weer
1055 2061 1174 2121 gehad
1195 2058 1232 2118 en
1259 2058 1288 2118 ik
1315 2059 1445 2119 mocht
1467 2058 1559 2118 weer
1581 2058 1663 2118 even
1692 2060 1729 2120 op
1761 2058 1798 2118 de
1825 2061 1926 2121 divan
1955 2061 2151 2121 spartelen,

447 2130 510 2190 dat
532 2130 611 2190 mag
638 2127 664 2187 ik
693 2127 810 2187 iedere
836 2130 955 2190 avond
982 2130 1022 2190 om
1064 2130 1181 2190 kwart
1205 2128 1284 2188 over
1308 2128 1432 2188 zeven.
1454 2130 1483 2190 Ik
1512 2131 1586 2191 had
1610 2130 1668 2190 een
1695 2130 1787 2190 klein
1814 2130 1931 2190 beetje
1957 2131 2145 2191 gespuugd

442 2199 485 2259 en
510 2201 575 2261 had
605 2199 667 2259 dus
690 2199 801 2259 nogal
817 2202 972 2262 honger,
988 2204 1089 2264 maar
1105 2205 1181 2265 halt
1200 2203 1281 2263 acht
1301 2202 1325 2262 is
1345 2203 1404 2263 pas
1423 2203 1510 2263 mijn
1537 2202 1619 2262 tijd.
1635 2205 1665 2265 Ik
1692 2200 1792 2260 kreeg
1817 2202 1942 2262 ineens
1964 2199 2053 2259 weer
2073 2199 2140 2259 zon

442 2270 604 2330 vreselijk
636 2270 792 2330 verdriet
817 2273 854 2333 en
883 2273 965 2333 toen
997 2270 1061 2330 heb
1093 2271 1120 2331 ik
1152 2276 1300 2336 gehuild
1330 2274 1406 2334 met
1428 2273 1531 2333 echte
1558 2273 1747 2333 traantjes.
1771 2273 1800 2333 Ik
1832 2273 1965 2333 mocht
1991 2273 2071 2333 even
2106 2276 2140 2336 op

440 2344 535 2404 mijn
563 2345 687 2405 buikje
706 2345 824 2405 liggen
854 2345 890 2405 en
920 2347 982 2407 dan
1009 2345 1051 2405 til
1069 2345 1095 2405 ik
1122 2347 1220 2407 ieder
1245 2346 1414 2406 ogenblik
1441 2345 1527 2405 mijn
1554 2348 1709 2408 hoofdje
1736 2348 1771 2408 op

435 2415 518 2475 Het
545 2417 784 2477 Rembrandt
811 2417 955 2477 theater
982 2420 1061 2480 hier
1088 2418 1117 2478 in
1155 2422 1370 2482 Amsterdam
1424 2420 1450 2480 is
1480 2422 1669 2482 vannacht
1698 2420 1919 2480 afgebrand,
1946 2422 1986 2482 de
2018 2421 2140 2481 kroon

444 2488 554 2548 loopt
577 2488 703 2548 gevaar
729 2491 787 2551 van
817 2491 1014 2551 instorting
1045 2491 1103 2551 van
1133 2488 1193 2548 een
1221 2491 1333 2551 muut
1358 2491 1393 2551 en
1424 2490 1484 2550 het
1507 2490 1623 2550 kleine
1651 2491 1792 2551 kroegje
1823 2494 1881 2554 dat
1904 2494 2045 2554 ernaast
2068 2494 2148 2554 was

442 2560 606 2620 speciaal
628 2560 713 2620 voor
738 2563 795 2623 een
823 2565 978 2625 bepaald
1000 2564 1101 2624 soort
1123 2563 1295 2623 publiek,
1312 2564 1336 2624 is
1361 2565 1580 2625 afgebrand.

444 2635 651 2695 Marseille,
669 2635 759 2695 staat
780 2635 974 2695 vanavond
998 2636 1026 2696 in
1057 2638 1096 2698 de
1120 2638 1241 2698 krant,
1259 2638 1363 2698 moet
1386 2638 1577 2698 ontruimd
1604 2638 1769 2698 worden.
1790 2638 1880 2698 Hele
1904 2638 2134 2698 stadsgedeel

442 2704 500 2764 ten
532 2706 593 2766 van
625 2706 707 2766 deze
734 2709 949 2769 bijzondere
973 2709 1215 2769 havenplaats
1239 2711 1305 2771 zijn
1335 2712 1581 2772 gevacueerd
1611 2711 1794 2771 (verhuisd
1824 2712 1969 2772 wegens
1994 2711 2150 2771 gevaar).

444 2778 536 2838 Niet
558 2781 618 2841 dat
640 2781 667 2841 ik
697 2781 751 2841 me
781 2784 865 2844 drk
895 2784 995 2844 maak
1029 2781 1110 2841 over
1132 2784 1216 2844 deze
1241 2787 1395 2847 dingen,
1414 2787 1517 2847 maar
1539 2784 1615 2844 Cor
1640 2786 1675 2846 en
1705 2784 1816 2844 Greet
1838 2784 1903 2844 zijn
1933 2784 1968 2844 er
1990 2784 2050 2844 vol
2072 2787 2129 2847 van

446 2852 602 2912 Clukkie
632 2852 697 2912 was
724 2853 787 2913 net
814 2855 875 2915 aan
907 2855 968 2915 het
992 2855 1113 2915 spelen
1145 2855 1222 2915 met
1249 2855 1309 2915 het
1333 2855 1450 2915 kleine
1479 2855 1595 2915 beest,
1620 2857 1720 2917 maar
1747 2856 1799 2916 dit
1823 2858 1913 2918 slaat
1940 2855 2054 2915 direct
2078 2855 2141 2915 zijn

438 2927 555 2987 poten
582 2927 634 2987 uit
656 2927 693 2987 en
720 2927 783 2987 dan
813 2927 879 2987 zijn
903 2927 954 2987 we
978 2930 1068 2990 bang
1098 2928 1185 2988 voor
1207 2928 1270 2988 zijn
1297 2927 1422 2987 mooie
1446 2927 1597 2987 oortjes.
1616 2927 1645 2987 Ik
1675 2927 1738 2987 heb
1768 2930 1927 2990 vandaag
1954 2930 2031 2990 niet
2053 2930 2079 2990 in
2111 2930 2143 2990 de

440 2997 518 3057 tuin
548 2999 711 3059 gestaan,
730 2999 792 3059 het
812 3002 983 3062 zonnetje
1007 2999 1086 3059 ging
1113 3001 1230 3061 steeds
1252 3002 1341 3062 weg.
1361 3002 1390 3062 Ik
1418 3003 1513 3063 hoop
1546 3005 1605 3065 dat
1624 3005 1686 3065 het
1706 3005 1855 3065 morgen
1885 3002 1977 3062 goed
1999 3002 2091 3062 weer
2111 3005 2148 3065 is.

439 3071 496 3131 De
521 3073 649 3133 tulpen
677 3073 865 3133 beginnen
893 3073 926 3133 al
943 3073 998 3133 uit
1021 3073 1048 3133 te
1070 3076 1231 3136 komen.
