2479 3508
337 327 375 387 27
400 327 556 387 januari
578 324 660 384 1943

340 395 375 455 Ik
407 395 450 455 lig
486 395 514 455 te
544 397 692 457 huilen,
715 395 779 455 het
802 395 912 455 loopt
939 395 1032 455 weer
1058 397 1145 457 naar
1172 398 1250 458 halt
1276 398 1372 458 acht.
1398 396 1491 456 Half
1517 398 1601 458 acht
1628 398 1706 458 mag
1738 398 1767 458 ik
1799 399 1889 459 naar
1919 399 1956 459 de
1985 396 2043 456 ka-

338 467 431 527 men,
454 467 578 527 eerder
601 468 692 528 niet.
715 470 794 530 Dan
824 470 903 530 mag
934 470 959 530 ik
989 470 1045 530 tot
1068 470 1184 530 kwart
1210 470 1296 530 voor
1321 470 1402 530 acht
1425 469 1600 529 keuvelen
1631 470 1668 530 en
1699 470 1762 530 dan
1796 470 1887 530 weer
1910 473 2049 533 slapen.

352 539 587 599 Vanmorgen
620 539 682 599 heb
717 540 744 600 ik
777 542 809 602 in
842 542 882 602 de
910 542 985 602 tuin
1018 543 1161 603 gestaan
1194 542 1269 602 met
1297 542 1334 602 de
1364 541 1508 601 wagen,
1532 542 1678 602 heerlijk
1711 544 1740 604 in
1773 545 1838 605 het
1860 545 2049 605 zonnetje.

347 611 500 671 blukkie
527 610 580 670 zat
604 610 691 670 voor
712 611 776 671 het
794 612 871 672 raam
917 613 945 673 te
972 613 1112 673 kijken,
1134 613 1186 673 hij
1205 613 1337 673 mocht
1361 613 1393 673 er
1414 613 1491 673 niet
1513 616 1578 676 uit.
1600 616 1705 676 Maar
1727 616 1753 676 ik
1783 615 1846 675 heb
1878 614 1967 674 weer
1992 616 2044 676 ge-

341 684 467 744 huild.
485 682 519 742 Ik
545 682 610 742 heb
640 682 722 742 toch
749 683 820 743 zon
849 685 996 745 honger
1013 687 1133 747 iedere
1157 685 1251 745 keer.

353 750 412 810 We
435 754 582 814 hebben
610 756 672 816 ook
704 757 874 817 gelachen
900 760 1078 820 vandaag.
1104 760 1160 820 We
1183 760 1282 820 zaten
1308 760 1418 820 nogal
1438 760 1517 820 krap
1549 760 1625 820 met
1645 760 1685 820 de
1708 760 1843 820 schone
1869 760 1990 820 luiers.
2008 758 2019 818 l

347 825 448 885 kreeg
478 827 543 887 dus
566 828 652 888 mijn
683 828 821 888 schone
847 828 935 888 huier
960 830 998 890 om
1044 831 1082 891 en
1112 831 1200 891 deed
1228 831 1261 891 er
1284 831 1425 891 meteen
1453 831 1553 891 maar
1577 831 1634 891 een
1662 831 1738 891 plas
1758 831 1811 891 in,
1832 831 1912 891 toen
1943 832 2041 892 kreeg

342 899 372 959 ik
399 897 491 957 weer
511 897 570 957 een
595 901 753 961 schone.
769 901 867 961 Daar
889 898 978 958 deed
1000 901 1027 961 ik
1055 903 1114 963 een
1139 903 1280 963 bolusje
1302 903 1353 963 in,
1370 903 1397 963 ik
1425 903 1522 963 kwam
1569 903 1633 963 dus
1655 903 1693 963 op
1721 903 1808 963 mijn
1838 900 2044 960 onderhuier

341 974 372 1034 te
395 972 537 1032 liggen,
560 974 645 1034 deed
677 975 759 1035 daar
782 974 853 1034 nog
882 974 938 1034 een
967 975 1109 1035 bolusje
1138 978 1197 1038 op.
1223 978 1311 1038 Ioen
1340 975 1575 1035 schreeuwde
1604 978 1678 1038 Cor
1704 978 1740 1038 om
1786 978 1928 1038 papier.
1949 978 2045 1038 Daar

349 1044 441 1104 deed
468 1043 495 1103 ik
525 1043 617 1103 weer
639 1043 698 1103 een
726 1046 931 1106 behoorlijk
961 1048 1102 1108 bolusje
1129 1049 1191 1109 op,
1210 1049 1245 1109 zo
1275 1049 1364 1109 deed
1389 1049 1416 1109 ik
1448 1049 1508 1109 dat
1530 1049 1600 1109 nog
1627 1049 1713 1109 twee
1738 1049 1849 1109 maal,
1871 1049 1903 1109 er
1925 1048 2022 1108 kwam

351 1118 437 1178 geen
468 1118 575 1178 einde
601 1118 681 1178 aan.

354 1193 583 1253 Vanmiddag
612 1193 673 1253 zijn
705 1193 778 1253 Oor
801 1192 841 1252 en
866 1192 979 1252 Greet
1002 1193 1039 1253 de
1062 1195 1138 1255 stad
1164 1196 1192 1256 in
1220 1195 1376 1255 geweest
1396 1193 1483 1253 voor
1506 1193 1577 1253 wol
1597 1195 1634 1255 en
1659 1195 1784 1255 huiers.
1809 1194 1886 1254 Wol
1906 1196 2038 1256 krijgen

337 1261 391 1321 we
418 1264 547 1324 omdat
571 1264 604 1324 er
623 1263 773 1323 iemand
799 1263 822 1323 is
846 1264 900 1324 die
924 1265 999 1325 zich
1028 1267 1207 1327 daarvoor
1228 1267 1394 1327 inspant,
1415 1267 1513 1327 maar
1537 1267 1643 1327 huiers
1664 1267 1729 1327 zijn
1758 1264 1791 1324 er
1812 1266 1890 1326 niet
1911 1267 1939 1327 te
1965 1265 2043 1325 krij

349 1336 433 1396 gen,
455 1335 486 1395 al
508 1334 544 1394 de
571 1336 719 1396 mensen
746 1337 872 1397 klagen
899 1336 991 1396 steen
1021 1339 1057 1399 en
1084 1339 1192 1399 been,
1214 1339 1248 1399 er
1267 1339 1290 1399 is
1312 1339 1404 1399 niets
1428 1339 1536 1399 meer.
1557 1339 1655 1399 Geen
1682 1340 1808 1400 Hanel,
1827 1339 1909 1399 geen
1938 1338 2044 1398 keper

342 1404 460 1464 niets,
480 1404 596 1464 niets.

349 1480 463 1540 lerug
493 1477 658 1537 moesten
688 1479 720 1539 ze
750 1479 809 1539 van
842 1479 880 1539 de
907 1480 980 1540 stad
1010 1482 1097 1542 naar
1119 1482 1202 1542 huis
1224 1482 1354 1542 lopen,
1379 1482 1460 1542 geen
1493 1482 1560 1542 tram
1612 1482 1638 1542 te
1666 1482 1823 1542 krijgen,
1847 1482 1928 1542 alles
1953 1482 2045 1542 atge

346 1549 473 1609 laden.
498 1549 542 1609 En
579 1549 620 1609 nu
656 1550 681 1610 is
709 1551 748 1611 de
779 1551 848 1611 tram
901 1551 970 1611 nog
1000 1551 1067 1611 wel
1092 1554 1289 1614 omgelegd
1317 1554 1392 1614 met
1417 1554 1480 1614 het
1506 1554 1572 1614 oog
1606 1554 1644 1614 op
1680 1552 1719 1612 de
1747 1553 1863 1613 brand
1894 1552 1955 1612 van
1989 1550 2044 1610 het

349 1622 587 1682 Rembrandt
609 1622 763 1682 theater.
782 1622 836 1682 De
861 1622 1010 1682 mensen
1037 1625 1180 1685 hangen
1210 1625 1359 1685 gewoon
1392 1625 1448 1685 aan
1478 1625 1516 1685 de
1540 1625 1705 1685 beugels.
1727 1625 1805 1685 Och
1833 1625 1878 1685 ja,
1900 1623 1938 1683 de
1963 1620 2044 1680 wei-

348 1694 430 1754 nige
453 1695 577 1755 fietsen
608 1695 660 1755 die
683 1695 760 1755 niet
780 1694 979 1754 gevorderd
1007 1696 1051 1756 (in
1079 1697 1195 1757 beslag
1223 1700 1406 1760 genomen
1434 1699 1525 1759 door
1550 1697 1586 1757 de
1614 1697 1797 1757 Duitsers)
1808 1697 1869 1757 zijn
1897 1697 2041 1757 hebben

342 1767 427 1827 toch
453 1766 536 1826 geen
562 1768 707 1828 banden
733 1769 834 1829 meer
853 1769 889 1829 en
918 1771 979 1831 dan
1006 1769 1091 1829 rijdt
1112 1769 1146 1829 er
1164 1771 1247 1831 geen
1275 1772 1353 1832 auto
1379 1772 1477 1832 meer
1498 1772 1558 1832 een
1584 1772 1706 1832 enkele
1729 1772 1791 1832 van
1818 1770 1856 1830 de
1880 1769 2045 1829 Duitsers

343 1840 648 1900 uitgezonderd.

342 1912 472 1972 t'ntin,
494 1912 528 1972 er
547 1913 613 1973 zijn
640 1913 738 1973 grote
764 1915 1062 1975 gebeurtenissen
1094 1915 1131 1975 op
1160 1917 1216 1977 til,
1235 1918 1290 1978 die
1314 1918 1383 1978 hun
1413 1916 1635 1976 schaduwen
1662 1915 1813 1975 vooruit
1835 1915 1975 1975 werpen
2005 1915 2039 1975 en

349 1984 412 2044 wij
432 1984 565 2044 nietige
591 1984 751 2044 mensjes
771 1986 937 2046 wachten
962 1987 1064 2047 maar
1085 1987 1130 2047 af.

349 2055 430 2115 Cor
449 2055 536 2115 leest
555 2055 617 2115 net
636 2055 666 2115 in
693 2055 755 2115 het
772 2056 885 2116 boek,
923 2058 988 2118 het
1004 2061 1104 2121 grote
1129 2059 1383 2119 gezinspoek,
1405 2059 1467 2119 dat
1486 2059 1543 2119 een
1570 2060 1659 2120 baby
1687 2058 1724 2118 na
1749 2058 1835 2118 twee
1860 2058 2038 2118 maanden

343 2127 431 2187 haar
454 2127 606 2187 hoofdje
632 2125 762 2185 begint
787 2125 823 2185 op
854 2124 884 2184 te
910 2125 1026 2185 tillen.
1049 2127 1118 2187 Dit
1141 2127 1207 2187 doe
1232 2127 1260 2187 ik
1288 2126 1321 2186 al
1343 2126 1496 2186 veertien
1527 2127 1638 2187 dagen
1669 2127 1705 2187 en
1733 2127 1760 2187 ik
1791 2127 1891 2187 kruip
1925 2127 1988 2187 ook
2019 2127 2046 2187 al

350 2196 392 2256 op
423 2199 511 2259 mijn
539 2196 711 2256 knietjes.

345 2339 383 2399 28
407 2339 558 2399 januari
580 2339 658 2399 1943

340 2409 489 2469 Dokter
512 2411 537 2471 is
563 2411 788 2471 vanmorgen
818 2410 973 2470 geweest
998 2409 1034 2469 en
1064 2411 1089 2471 ik
1123 2411 1221 2471 maak
1252 2411 1315 2471 het
1336 2411 1568 2471 uitstekend,
1589 2408 1649 2468 een
1678 2411 1771 2471 klein
1799 2411 1916 2471 beetje
1941 2408 2045 2468 neus-

342 2482 557 2542 verkouden
586 2480 652 2540 ben
685 2482 714 2542 ik
746 2482 833 2542 nog.
858 2483 889 2543 Ik
921 2482 985 2542 heb
1017 2482 1094 2542 niet
1118 2482 1269 2542 gehuild
1296 2480 1357 2540 van
1389 2480 1530 2540 avond,
1551 2481 1577 2541 ik
1610 2479 1673 2539 heb
1708 2479 1774 2539 wel
1798 2479 1880 2539 even
1910 2482 2042 2542 mogen

341 2554 545 2614 spattelen,
566 2557 625 2617 een
651 2554 734 2614 heel
754 2554 848 2614 klein
874 2554 990 2614 beetje
1016 2555 1073 2615 van
1102 2555 1190 2615 mijn
1218 2554 1309 2614 melk
1338 2554 1401 2614 heb
1432 2556 1460 2616 ik
1486 2555 1757 2615 uitgespuugd.
1777 2554 1930 2614 Plukkie
1953 2554 2050 2614 heeft

349 2625 436 2685 even
471 2629 529 2689 aan
561 2629 648 2689 mijn
680 2628 817 2688 voetjes
844 2628 1018 2688 geroken.
1045 2627 1111 2687 Hij
1135 2629 1203 2689 was
1230 2629 1299 2689 wel
1323 2629 1381 2689 een
1410 2627 1526 2687 beetje
1558 2628 1815 2688 verwonderd,
1839 2632 1939 2692 maar
1963 2636 2040 2696 ging

351 2700 467 2760 direct
490 2700 581 2760 weer
602 2700 741 2760 slapen.
766 2700 847 2760 Veel
865 2700 1004 2760 nieuws
1027 2700 1049 2760 is
1073 2701 1105 2761 er
1126 2703 1204 2763 niet
1222 2702 1252 2762 te
1278 2701 1439 2761 melden.

343 2847 379 2907 29
406 2848 558 2908 januari
580 2849 664 2909 1943

345 2918 381 2978 lk
411 2920 453 2980 lig
484 2919 514 2979 in
545 2919 633 2979 mijn
667 2920 764 2980 grote
792 2920 975 2980 ledikant,
998 2919 1075 2979 met
1097 2918 1189 2978 twee
1214 2918 1389 2978 kruiken,
1414 2918 1472 2978 een
1503 2921 1622 2981 kleine
1650 2921 1689 2981 en
1720 2921 1780 2981 een
1811 2921 1928 2981 grote.
1950 2920 2041 2980 Mijn

340 2993 494 3053 mandje
521 2993 614 3053 werd
638 2993 664 3053 te
689 2993 803 3053 klein.
824 2990 877 3050 De
901 2993 1034 3053 meeste
1061 2993 1236 3053 kinderen
1261 2993 1377 3053 liggen
1407 2993 1494 3053 twee
1519 2993 1699 3053 maanden
1726 2993 1755 3053 in
1782 2993 1853 3053 zon
1886 2993 2050 3053 mandje,

347 3068 450 3128 maar
472 3067 498 3127 ik
528 3065 629 3125 maak
658 3066 687 3126 al
709 3065 799 3125 weer
820 3064 878 3124 een
906 3067 1187 3127 uitzondering.
1206 3066 1237 3126 Ik
1265 3066 1331 3126 hen
1358 3066 1435 3126 veel
1454 3066 1482 3126 te
1507 3068 1599 3128 lang
