2479 3508
442 335 478 395 Ik
509 333 572 393 heb
603 334 667 394 net
690 333 779 393 mijn
807 331 904 391 Hesje
929 333 1021 393 leeg.
1049 333 1113 393 Van
1144 333 1261 393 kwart
1286 332 1367 392 over
1389 330 1453 390 vijf
1478 330 1531 390 tot
1554 332 1671 392 kwart
1696 332 1785 392 voor
1808 332 1910 392 zeven
1941 333 2005 393 heb
2036 335 2066 395 ik
2094 336 2144 396 ge¬

452 404 579 464 huild,
598 402 626 462 ik
654 403 773 463 snikte
798 404 867 464 nog
895 404 978 464 toen
1006 402 1036 462 ik
1064 403 1203 463 binnen
1233 401 1410 461 gedragen
1439 401 1552 461 werd.
1574 401 1644 461 Een
1674 401 1824 461 rimpels
1846 403 1910 463 kan
1943 402 1968 462 ik
1999 401 2029 461 in
2060 404 2142 464 mijn

443 476 660 536 voorhoofd
685 476 855 536 trekken,
875 475 1067 535 geweldigt
1087 476 1117 536 Ik
1148 476 1209 536 wil
1229 476 1260 536 al
1279 473 1357 533 niet
1377 473 1477 533 meer
1503 475 1539 535 de
1564 476 1642 536 hele
1670 476 1728 536 dag
1756 477 1899 537 slapen.
1921 476 1968 536 Ja,
1988 477 2049 537 een
2077 473 2149 533 gar-

443 551 532 611 naal
552 548 652 608 heeft
675 548 742 608 ook
773 548 831 608 een
857 548 996 608 hoofd.
