2479 3508
439 333 475 393 tt
496 330 663 390 februari
684 330 767 390 1943

458 401 623 461 Vandaag
660 400 690 460 in
723 400 812 460 mijn
851 399 945 459 Oma
979 401 1184 461 Hennekam
1236 403 1408 463 geweest,
1436 401 1469 461 ze
1500 401 1597 461 vond
1630 401 1691 461 dat
1719 401 1746 461 ik
1782 403 1835 463 erg
1869 403 2040 463 gegroeid
2071 402 2153 462 was.

451 475 600 535 Dokter
619 475 644 535 is
665 473 730 533 ook
759 472 911 532 geweest
932 471 968 531 en
995 472 1090 532 vond
1116 474 1181 534 mij
1202 473 1235 533 er
1253 473 1465 533 uitstekend
1489 473 1641 533 uitzien.
1660 474 1714 534 De
1738 474 1828 534 melk
1857 474 1924 534 was
1947 473 2053 533 alleen
2079 473 2154 533 niet

445 548 482 608 zo
508 548 601 608 goed
630 548 664 608 op
695 548 758 608 het
775 548 968 608 ogenblik,
989 548 1156 608 allemaal
1177 548 1308 608 zaksel;
1328 548 1356 608 ik
1382 548 1444 608 heb
1476 548 1538 608 het
1559 548 1621 608 dan
1652 548 1718 608 ook
1746 547 1863 607 steeds
1883 548 2153 608 uitgespruugd.

439 619 498 679 De
525 619 719 679 melkboer
740 618 839 678 heeft
861 619 895 679 er
914 621 1001 681 naar
1023 620 1183 680 gekeken
1212 622 1249 682 en
1276 622 1329 682 hij
1348 619 1401 679 zei
1423 619 1481 679 dat
1503 619 1537 679 er
1556 619 1649 679 niets
1673 620 1731 680 aan
1761 619 1790 679 te
1817 619 1908 679 doen
1937 620 2019 680 was.
2044 619 2147 679 Greet

451 692 559 752 vroeg
589 691 623 751 of
647 690 813 750 Nutricia
840 693 914 753 niet
938 691 1038 751 beter
1060 694 1144 754 was,
1165 694 1266 754 maar
1290 694 1329 754 de
1356 694 1549 754 melkboer
1570 693 1623 753 zei
1644 692 1705 752 dat
1726 693 1789 753 het
1811 691 1948 751 precies
1970 692 2141 752 hetzelfde

451 763 564 823 bleef,
583 761 660 821 Het
678 762 702 822 is
726 765 1046 825 gecondenseerde
1070 766 1183 826 melk,
1202 766 1400 826 taptemelk
1429 766 1503 826 met
1525 766 1768 826 melkpoeder
1789 763 1826 823 en
1853 763 1913 823 dat
1932 763 1955 823 is
1977 763 2064 823 voor
2088 764 2151 824 ons

444 837 569 897 babys
587 834 630 894 nu
659 834 736 894 niet
757 834 792 894 zo
816 835 927 895 goed,
946 837 1047 897 maar
1066 837 1110 897 ja,
1129 837 1193 897 het
1212 837 1235 897 is
1257 837 1339 897 alles
1361 837 1552 897 surrogaat
1573 837 1764 897 (namaak)
1786 834 1823 894 en
1852 836 1916 896 ook
1948 834 1998 894 dit
2017 834 2070 894 zal
2091 834 2152 894 wel

451 908 530 968 niet
552 909 681 969 anders
703 907 808 967 gaan.
827 906 856 966 Ik
886 906 949 966 heb
981 906 1044 966 ook
1071 908 1100 968 in
1129 909 1169 969 de
1193 909 1267 969 tuin
1296 909 1458 969 gestaan,
1476 906 1622 966 heerlijk
1652 908 1678 968 in
1707 906 1770 966 het
1789 906 1974 966 zonnetje.

451 978 486 1038 En
514 978 600 1038 mijn
630 978 695 1038 bed
722 979 820 1039 kruip
852 981 877 1041 ik
907 978 993 1038 rond
1024 980 1069 1040 als
1089 981 1118 1041 in
1148 981 1207 1041 een
1235 978 1408 1038 doolhof,
1427 981 1454 1041 ik
1482 981 1546 1041 ben
1574 981 1609 1041 af
1628 981 1666 1041 en
1693 980 1750 1040 toe
1775 979 1923 1039 gewoon
1951 981 2059 1041 zoek.
2078 979 2159 1039 Cor

444 1050 547 1110 heeft
569 1049 629 1109 met
651 1050 710 1110 een
735 1050 838 1110 pakje
860 1051 1053 1111 sigaretten
1080 1052 1273 1112 gekregen,
1295 1052 1346 1112 die
1371 1052 1439 1112 had
1464 1052 1556 1112 niets
1575 1052 1675 1112 meer
1697 1052 1724 1112 te
1749 1050 1857 1110 roken
1882 1051 1906 1111 f.
1928 1052 2020 1112 4.50.
2042 1052 2151 1112 Greet

444 1123 553 1183 kreeg
581 1122 640 1182 een
671 1122 736 1182 ons
761 1123 889 1183 theel.
908 1124 962 1184 19.

454 1200 504 1260 Ja,
525 1196 609 1256 daar
633 1196 760 1256 drinkt
784 1196 858 1256 Cor
882 1196 945 1256 ook
977 1196 1035 1256 van
1067 1197 1162 1257 mee,
1183 1197 1283 1257 maar
1305 1196 1365 1256 het
1386 1196 1413 1256 is
1437 1196 1523 1256 voor
1548 1196 1658 1256 Greet
1682 1196 1740 1256 een
1770 1196 1949 1256 rijkdom.
1976 1197 2152 1257 Wanneer

444 1268 500 1328 zal
521 1266 583 1326 het
604 1265 696 1325 weer
717 1264 802 1324 eens
823 1267 1000 1327 normaal
1019 1267 1103 1327 zijn.

441 1413 479 1473 12
503 1410 668 1470 februari
689 1410 771 1470 1943

440 1479 473 1539 lk
501 1481 543 1541 lig
571 1482 598 1542 in
629 1482 715 1542 mijn
744 1482 866 1542 bedje,
886 1482 953 1542 ben
978 1482 1103 1542 lekker
1126 1482 1282 1542 gevoed,
1302 1482 1363 1542 heb
1394 1482 1477 1542 even
1506 1482 1592 1542 mijn
1620 1479 1982 1539 kamergymnastiek
2013 1484 2144 1544 gedaan

451 1553 493 1613 en
520 1552 559 1612 lig
586 1551 679 1611 weer
698 1553 843 1613 heerlijk
870 1554 931 1614 fris
952 1553 1029 1613 met
1048 1553 1109 1613 een
1133 1553 1257 1613 lekker
1278 1554 1366 1614 warm
1411 1553 1554 1613 kruikje
1576 1554 1604 1614 in
1634 1554 1718 1614 bed.

457 1625 687 1685 Vanmiddag
717 1625 786 1685 had
814 1625 842 1685 ik
873 1626 908 1686 zo
939 1625 1149 1685 gespuugd,
1175 1625 1260 1685 mijn
1294 1628 1449 1688 haartjes
1474 1626 1512 1686 en
1543 1626 1626 1686 alles
1651 1627 1706 1687 zat
1732 1625 1803 1685 vol.
1829 1627 1939 1687 Greet
1964 1628 2064 1688 heeft
2089 1629 2149 1689 mij

440 1697 529 1757 toen
557 1697 701 1757 heerlijk
731 1697 810 1757 met
829 1697 905 1757 reep
938 1699 1137 1759 gewassen,
1159 1700 1205 1760 ja,
1224 1700 1251 1760 ik
1281 1700 1379 1760 vond
1406 1700 1466 1760 het
1486 1700 1564 1760 niet
1584 1699 1755 1759 heerlijk,
1774 1700 1872 1760 want
1894 1700 1921 1760 ik
1949 1700 2033 1760 huil
2052 1700 2144 1760 altijd

444 1769 493 1829 als
514 1769 540 1829 ik
566 1769 747 1829 gewassen
774 1769 890 1829 word.
909 1771 940 1831 Ik
966 1770 1067 1830 kreeg
1093 1772 1152 1832 een
1176 1774 1316 1834 schoon
1342 1773 1536 1833 Hanelletje
1560 1773 1617 1833 aan
1645 1772 1681 1832 en
1708 1772 1767 1832 een
1793 1772 1931 1832 schoon
1957 1772 2096 1832 truitje.
2115 1773 2143 1833 k

440 1841 568 1901 moest
587 1840 679 1900 weer
699 1842 726 1902 in
752 1843 841 1903 bed,
858 1843 896 1903 en
922 1843 949 1903 ik
977 1845 1088 1905 dacht
1105 1846 1141 1906 zo
1164 1846 1289 1906 lekker
1309 1845 1336 1905 in
1364 1843 1403 1903 de
1426 1845 1554 1905 kamer
1573 1844 1601 1904 te
1624 1844 1776 1904 blijven.
1793 1845 1946 1905 Plukkie
1969 1844 2066 1904 heeft
2089 1846 2141 1906 aan

444 1912 534 1972 mijn
567 1911 721 1971 handjes
746 1911 903 1971 geroken
934 1914 1175 1974 vanmiddag.
1200 1914 1232 1974 Ik
1262 1914 1387 1974 geloot
1412 1913 1480 1973 wel
1502 1915 1561 1975 dat
1586 1913 1643 1973 wij
1667 1914 1782 1974 goede
1809 1915 1961 1975 maatjes
1988 1915 2151 1975 worden.

449 1984 604 2044 Plukkie
630 1984 655 2044 is
681 1984 741 2044 een
769 1983 885 2043 heetje
911 1985 1050 2045 zielziek
1081 1987 1260 2047 vandaag.
1283 1984 1350 2044 Hij
1371 1986 1470 2046 heeft
1493 1987 1648 2047 klappen
1680 1985 1813 2045 gehad,
1836 1987 1872 2047 en
1904 1987 1986 2047 daar
2006 1987 2071 2047 kan
2102 1987 2150 2047 hij

451 2052 531 2112 niet
550 2055 675 2115 tegen,
694 2054 792 2114 want
814 2055 867 2115 hij
883 2055 952 2115 had
979 2055 1038 2115 een
1062 2055 1128 2115 bah
1158 2056 1312 2116 gedaan.

451 2124 564 2184 lante
589 2124 744 2184 Maartje
766 2127 863 2187 heeft
885 2126 940 2186 me
964 2127 1157 2187 vanavond
1178 2127 1265 2187 mijn
1292 2130 1355 2190 Hes
1374 2128 1527 2188 gegeven
1554 2127 1590 2187 en
1617 2127 1694 2187 Cor
1715 2127 1752 2187 en
1778 2127 1889 2187 Greet
1911 2127 1984 2187 eten
2011 2127 2066 2187 me
2093 2127 2125 2187 om

447 2196 604 2256 beurten
626 2196 729 2256 haast
748 2196 807 2256 op.
824 2196 864 2256 En
894 2197 918 2257 ik
943 2199 1035 2259 kluit
1051 2198 1149 2258 maar
1171 2198 1206 2258 op
1230 2199 1317 2259 mijn
1341 2199 1487 2259 handen
1509 2199 1544 2259 zo
1564 2197 1642 2257 lang
1667 2196 1693 2256 ik
1718 2197 1810 2257 niets
1826 2198 1932 2258 krijg.
1954 2196 2013 2256 Van
2032 2196 2146 2256 avond

444 2267 539 2327 staat
565 2267 599 2327 er
622 2267 653 2327 in
687 2267 726 2327 de
755 2267 863 2327 krant
889 2267 949 2327 dat
975 2267 1135 2327 Meester
1161 2267 1301 2327 Reyvan
1340 2270 1355 2330 O
1410 2270 1446 2330 en
1478 2270 1542 2330 zijn
1576 2267 1685 2327 vrouw
1729 2267 1793 2327 zijn
1827 2267 2151 2327 doodgeschoten,

439 2339 508 2399 net
532 2339 577 2399 als
604 2338 662 2398 een
700 2337 798 2397 W.A.
822 2338 901 2398 man
934 2339 962 2399 in
995 2339 1191 2399 Haarlem.
1215 2340 1287 2400 Alle
1316 2342 1422 2402 joden
1455 2340 1601 2400 moeten
1633 2341 1829 2401 Haarlem,
1851 2340 2079 2400 Heemstede
2108 2343 2143 2403 en

438 2412 691 2472 Aerdenhout
716 2412 889 2472 verlaten.
917 2412 1016 2472 Waar
1035 2414 1062 2474 is
1082 2414 1145 2474 het
1165 2416 1272 2476 einde
1297 2414 1357 2474 van
1387 2415 1440 2475 dit
1462 2417 1555 2477 alles.

438 2560 471 2620 13
496 2560 663 2620 februari
685 2560 766 2620 1943

447 2629 506 2689 Op
535 2631 625 2691 mijn
651 2632 881 2692 linkeroogje
907 2633 952 2693 zit
975 2632 1034 2692 een
1060 2633 1153 2693 klein
1182 2632 1272 2692 rood
1298 2633 1429 2693 vlekje,
1449 2634 1644 2694 misschien
1670 2635 1780 2695 komt
1801 2635 1863 2695 het
1886 2636 2016 2696 omdat
2036 2638 2064 2698 ik
2093 2639 2141 2699 erg

443 2701 523 2761 veel
546 2703 626 2763 huil
648 2703 687 2763 de
715 2703 837 2763 laatste
865 2703 979 2763 dagen
1010 2703 1049 2763 en
1077 2703 1154 2763 veel
1177 2703 1204 2763 te
1232 2706 1363 2766 weinig
1391 2709 1502 2769 slaap.
1527 2709 1619 2769 Mijn
1650 2706 1794 2766 bolusje
1819 2706 1844 2766 is
1869 2706 1936 2766 ook
1967 2706 2083 2766 steeds
2108 2706 2141 2766 zo

444 2776 556 2836 hard,
575 2778 677 2838 maar
699 2776 732 2836 er
751 2775 861 2835 komt
885 2778 1111 2838 voldoende.

448 2847 652 2907 Vanavond
676 2847 787 2907 stond
811 2849 844 2909 er
862 2849 893 2909 in
922 2849 961 2909 de
984 2849 1090 2909 krant
1114 2849 1173 2909 dat
1192 2850 1251 2910 wij
1272 2852 1377 2912 vanat
1398 2854 1437 2914 de
1461 2853 1512 2913 i4e
1536 2852 1548 2912 's
1572 2852 1712 2912 avonds
1735 2853 1771 2913 om
1818 2853 1900 2913 acht
1922 2852 1986 2912 uur
2010 2852 2144 2912 binnen

444 2918 599 2978 moeten
632 2920 718 2980 zijn.
751 2921 843 2981 Voor
868 2923 1037 2983 jongelui
1062 2922 1089 2982 is
1117 2921 1178 2981 dat
1203 2921 1269 2981 iets
1297 2923 1632 2983 verschrikkelijks.
1663 2924 1829 2984 Vandaag
1860 2924 1962 2984 heeft
1987 2924 2148 2984 Mussert

449 2993 653 3053 gesproken
684 2993 720 3053 op
753 2993 792 3053 de
817 2994 895 3054 Dam
942 2993 1017 3053 Het
1036 2994 1061 3054 is
1083 2996 1202 3056 overal
1225 2996 1283 3056 een
1311 2996 1488 3056 warboel.
1508 2998 1613 3058 Lante
1641 2999 1757 3059 Annie
1782 2998 1915 3058 liggen
1943 2998 2001 3058 van
2031 2996 2092 3056 wie
2117 2997 2142 3057 ik

447 3065 518 3125 wat
540 3067 707 3127 kleertjes
729 3067 792 3127 heb
822 3069 997 3129 gekregen
1027 3070 1205 3130 vandaar,
1224 3070 1250 3130 is
1272 3069 1466 3129 vanavond
1490 3072 1580 3132 hier.
