2479 3508
353 333 391 393 27
415 330 578 390 februari
599 332 677 392 1943

345 404 380 464 lk
412 403 475 463 heb
508 401 545 461 de
572 402 650 462 hele
676 404 737 464 dag
767 404 795 464 in
827 404 868 464 de
894 404 966 464 tuin
999 405 1161 465 gestaan,
1182 404 1246 464 het
1266 404 1335 464 was
1356 405 1504 465 heerlijk
1534 405 1667 465 zonnig
1696 407 1731 467 en
1760 407 1789 467 ik
1816 408 1859 468 lig
1888 408 1984 468 graag
2016 407 2042 467 in

355 474 397 534 de
425 473 569 533 wagen.

347 548 503 608 Connie
527 547 625 607 heeft
649 549 683 609 op
713 551 766 611 me
792 551 914 611 gepast
935 551 1176 611 vanmiddag,
1195 551 1293 611 want
1315 551 1389 611 Cor
1410 551 1447 611 en
1471 553 1585 613 Greet
1604 552 1664 612 zijn
1694 551 1776 611 even
1803 551 2051 611 weggeweest.

343 618 377 678 lk
410 616 473 676 heb
508 616 601 676 weer
625 618 752 678 lekker
777 619 928 679 gehuild
957 621 1151 681 vanavond
1181 619 1221 679 en
1250 621 1314 681 het
1338 622 1450 682 ergste
1479 622 1521 682 is,
1546 622 1606 682 dat
1633 622 1659 682 ik
1694 621 1758 681 dan
1790 620 1827 680 zo
1860 621 2051 681 overstuur

343 691 446 751 raak,
466 689 528 749 dat
547 688 574 748 ik
605 688 708 748 moet
727 691 888 751 spugen.
910 691 1002 751 Mijn
1029 693 1108 753 hele
1133 694 1345 754 onderdoek
1375 692 1443 752 was
1462 692 1541 752 nat.
1566 691 1617 751 Om
1664 691 1710 751 elf
1732 692 1797 752 uur
1819 691 1920 751 heeft
1942 693 2050 753 Greet

348 763 406 823 me
431 763 564 823 gepakt
584 763 622 823 en
648 763 728 823 toen
753 762 825 822 had
848 762 875 822 ik
900 764 1181 824 waarschijnlijk
1209 763 1236 823 in
1261 766 1350 826 mijn
1375 765 1464 825 slaap
1495 763 1703 823 gespuugd.
1720 764 1750 824 Ik
1778 764 1844 824 ben
1870 766 2053 826 helemaal

346 831 547 891 gewassen,
572 832 638 892 ook
667 834 755 894 mijn
784 833 879 893 bips,
904 834 1002 894 want
1026 834 1057 894 er
1082 836 1150 896 was
1175 834 1241 894 ook
1270 836 1339 896 nog
1369 834 1429 894 een
1456 837 1615 897 bolusje.
1639 834 1729 894 Mijn
1759 834 1955 894 Hanelletje
1982 835 2046 895 was

351 906 507 966 drijtnat
530 906 568 966 en
598 906 664 966 dus
687 905 807 965 moest
830 904 858 964 ik
889 909 1123 969 verschoond
1148 909 1314 969 worden,
1338 912 1466 972 daarna
1494 909 1592 969 lagen
1620 909 1670 969 we
1696 909 1733 969 om
1782 909 1905 969 twaalf
1926 909 1993 969 uut
2016 909 2044 969 in

348 978 448 1038 bed.

343 1124 381 1184 28
409 1124 574 1184 februari
596 1127 677 1187 1943

345 1196 425 1256 Het
451 1196 478 1256 is
503 1196 645 1256 zondag
679 1197 859 1257 vandaag.
893 1196 948 1256 We
976 1197 1043 1257 zijn
1077 1198 1132 1258 uit
1157 1198 1313 1258 geweest
1341 1199 1563 1259 vanmiddag
1597 1200 1683 1260 naar
1708 1198 1772 1258 het
1800 1201 2053 1261 Beatrixpark.

351 1267 468 1327 Heet
489 1267 770 1327 tegenwoordig
797 1270 1063 1330 Diepenbrock
1090 1271 1192 1331 park)

350 1339 450 1399 Oma
477 1341 593 1401 Draak
620 1339 657 1399 en
684 1340 840 1400 Maartje
864 1341 978 1401 waren
1004 1340 1036 1400 er
1058 1342 1121 1402 ook
1150 1344 1208 1404 aan
1235 1342 1296 1402 het
1317 1342 1524 1402 wandelen.
1543 1342 1619 1402 Het
1641 1344 1707 1404 was
1726 1345 1871 1405 heerlijk
1898 1345 2049 1405 zonnig,

349 1411 452 1471 maar
472 1410 532 1470 een
558 1412 679 1472 koude
704 1411 800 1471 wind
825 1412 860 1472 en
886 1412 936 1472 we
959 1413 1022 1473 zijn
1053 1414 1113 1474 dan
1143 1416 1206 1476 ook
1235 1416 1275 1476 na
1300 1414 1370 1474 drie
1393 1415 1562 1475 kwartier
1583 1413 1673 1473 weer
1694 1416 1777 1476 naar
1797 1416 1878 1476 huis
1898 1416 2052 1476 gegaan.

347 1482 380 1542 lk
407 1482 472 1542 ben
502 1484 673 1544 ondanks
695 1484 724 1544 al
744 1484 806 1544 het
822 1485 961 1545 spugen
988 1487 1047 1547 van
1075 1485 1159 1545 deze
1181 1488 1294 1548 week,
1314 1488 1395 1548 toch
1420 1486 1487 1546 nog
1515 1486 1558 1546 bo
1583 1486 1658 1546 gram
1707 1488 1981 1548 aangekomen.
2001 1488 2044 1548 Le

344 1556 504 1616 dachten
532 1557 609 1617 hier
631 1557 692 1617 dat
711 1557 738 1617 ik
767 1557 861 1617 niets
885 1560 1140 1620 aangekomen
1167 1560 1225 1620 zou
1255 1558 1343 1618 zijn.

347 1628 383 1688 lk
413 1628 474 1688 heb
508 1625 569 1685 van
599 1627 638 1687 de
663 1626 755 1686 week
788 1628 849 1688 van
877 1630 974 1690 tante
1002 1629 1140 1689 Tonnie
1166 1633 1224 1693 een
1252 1631 1360 1691 mooi
1382 1631 1493 1691 jurkje
1518 1632 1715 1692 gekregen.
1740 1631 1795 1691 We
1821 1631 1965 1691 hebben
1993 1632 2048 1692 ge-

347 1700 472 1760 lukkig
505 1700 564 1760 een
594 1703 679 1763 paar
706 1703 828 1763 pakjes
855 1703 1089 1763 kindermeel
1111 1703 1140 1763 in
1173 1703 1369 1763 voorraad,
1394 1706 1491 1766 want
1516 1706 1578 1766 het
1600 1706 1681 1766 gaat
1706 1705 1741 1765 er
1766 1703 1842 1763 met
1867 1703 1948 1763 alles
1973 1703 2051 1763 heel

354 1774 499 1834 angstig
528 1772 684 1832 uitzien.

359 1846 647 1906 Waarschijnlijk
675 1847 822 1907 moeten
847 1848 877 1908 al
899 1848 935 1908 de
958 1848 1113 1908 jongens
1135 1849 1174 1909 en
1196 1850 1340 1910 meisjes
1360 1849 1415 1909 uit
1434 1849 1473 1909 de
1496 1848 1634 1908 bezette
1656 1847 1830 1907 gebieden
1858 1849 2044 1909 opkomen

347 1919 443 1979 (zich
470 1918 653 1978 melden),
675 1921 736 1981 dat
752 1921 866 1981 stond
888 1921 1090 1981 tenminste
1111 1921 1143 1981 in
1173 1921 1210 1981 de
1234 1921 1473 1981 proclamatie
1500 1919 1559 1979 van
1588 1918 1721 1978 Hitter.

344 1993 381 2053 lk
413 1993 503 2053 slaap
536 1992 663 2052 lekker
690 1992 783 2052 door
809 1991 828 2051 's
855 1990 998 2050 nachts.
1025 1990 1139 2050 Greet
1163 1993 1264 2053 heeft
1291 1992 1344 2052 me
1376 1993 1561 2053 vannacht
1589 1990 1628 2050 om
1676 1990 1750 2050 vier
1774 1991 1843 2051 uur
1870 1991 1931 2051 een
1963 1993 2051 2053 huier

351 2063 584 2123 aangedaan,
607 2064 736 2124 daarna
762 2061 828 2121 ben
856 2061 881 2121 ik
912 2061 1003 2121 weer
1023 2063 1130 2123 rustig
1158 2067 1241 2127 gaan
1270 2064 1409 2124 slapen.

348 2205 362 2265 1
387 2204 509 2264 maart
531 2203 613 2263 1943

350 2272 522 2332 Vandaag
549 2274 588 2334 de
610 2276 687 2336 hele
713 2276 774 2336 dag
801 2275 827 2335 in
860 2273 896 2333 de
921 2273 994 2333 tuin
1024 2273 1186 2333 gestaan.
1205 2273 1281 2333 Het
1303 2273 1372 2333 was
1393 2273 1457 2333 ook
1486 2273 1560 2333 zulk
1590 2274 1733 2334 heerlijk
1762 2276 2054 2336 voorjaarsweer.

341 2339 377 2399 lk
408 2342 472 2402 heb
505 2344 597 2404 weer
622 2344 708 2404 mijn
739 2345 945 2405 huiluurtje
971 2345 1009 2405 en
1040 2345 1065 2405 ik
1096 2347 1146 2407 lag
1180 2342 1291 2402 dwars
1316 2343 1433 2403 boven
1461 2344 1492 2404 in
1523 2345 1612 2405 mijn
1643 2345 1729 2405 bed.
1754 2345 1963 2405 Natuurlijk
1994 2339 2044 2399 ge

347 2417 494 2477 spuugd
523 2417 561 2477 en
585 2417 706 2477 koud.
725 2417 836 2477 Greet
857 2417 895 2477 en
921 2419 999 2479 Cor
1020 2420 1102 2480 gaan
1131 2420 1231 2480 vroeg
1258 2420 1343 2480 naar
1364 2418 1431 2478 bed
1457 2417 1669 2477 vanavond,
1687 2418 1785 2478 want
1806 2420 1839 2480 ze
1860 2420 1925 2480 zijn
1954 2420 2052 2480 moe.

351 2563 365 2623 2
390 2563 510 2623 maart
532 2564 612 2624 1943

354 2635 552 2695 Vannacht
574 2635 598 2695 is
622 2634 657 2694 er
679 2633 771 2693 weer
790 2634 877 2694 fink
907 2636 1080 2696 gevlogen
1110 2638 1148 2698 en
1175 2638 1392 2698 geschoten.
1414 2635 1489 2695 Cor
1514 2635 1552 2695 en
1579 2636 1693 2696 Greet
1712 2635 1812 2695 lagen
1842 2635 1999 2695 wakker,
2018 2635 2045 2695 ik

344 2709 428 2769 sliep
461 2706 589 2766 lekker
615 2706 708 2766 door
734 2706 824 2766 alsof
854 2709 886 2769 er
912 2709 1005 2769 niets
1032 2706 1235 2766 gebeurde.
1259 2708 1305 2768 Ze
1338 2708 1407 2768 (die
1437 2706 1678 2766 vliegtuigen)
1705 2706 1771 2766 zijn
1804 2709 1888 2769 naar
1918 2706 2045 2766 Bersijn

354 2781 512 2841 geweest
530 2781 621 2841 staat
641 2781 674 2841 er
694 2781 721 2841 in
750 2781 790 2841 de
813 2781 934 2841 krant.
952 2781 984 2841 ig
1010 2778 1196 2838 toestellen
1224 2779 1370 2839 worden
1396 2780 1431 2840 er
1449 2781 1610 2841 vermist.
1630 2781 1660 2841 Ik
1688 2781 1751 2841 ben
1779 2781 1938 2841 vandaag
1966 2779 2051 2839 weer

352 2854 395 2914 de
420 2852 495 2912 hele
523 2852 582 2912 dag
610 2852 639 2912 in
669 2852 707 2912 de
732 2852 805 2912 tuin
835 2852 1003 2912 geweest.
1025 2852 1101 2912 Cor
1123 2852 1158 2912 en
1185 2854 1299 2914 Greet
1321 2855 1434 2915 waren
1459 2855 1546 2915 naar
1568 2855 1646 2915 Den
1674 2854 1774 2914 slaag
1804 2853 1839 2913 om
1885 2853 1969 2913 eens
1991 2853 2048 2913 een

348 2924 461 2984 kijkje
492 2924 519 2984 te
550 2926 706 2986 nemen.
734 2927 775 2987 Al
803 2925 842 2985 de
870 2926 1003 2986 huizen
1034 2927 1131 2987 staan
1161 2927 1233 2987 leeg
1270 2924 1306 2984 op
1345 2926 1383 2986 de
1411 2927 1603 2987 Parklaan,
1631 2927 1786 2987 surriaan
1820 2926 2055 2986 Kockstraat,

348 2999 450 3059 Crins
484 2999 762 3059 Willemstraat,
790 2999 1049 3059 Keizerstraat,
1074 2999 1113 3059 en
1147 2999 1336 3059 gedeesten
1369 2999 1430 3059 van
1467 2999 1508 3059 de
1539 2999 1934 3059 koninginnegracht,
1962 2999 2051 3059 waar

347 3070 412 3130 een
445 3073 589 3133 nieuwe
616 3073 746 3133 gracht
771 3071 890 3131 wordt
917 3072 1113 3132 aangelegd
1145 3072 1259 3132 dwars
1287 3071 1382 3131 door
1406 3071 1468 3131 het
1493 3072 1637 3132 Haagse
1667 3071 1751 3131 Bos.
1778 3072 1854 3132 Het
1879 3071 1906 3131 is
1933 3072 1971 3132 om
2023 3074 2049 3134 te
