2479 3508
439 336 566 396 huilen
595 334 688 394 zoals
709 335 792 395 alles
813 335 907 395 enuit
928 335 1008 395 ziet.
1029 334 1174 394 Huizen
1201 336 1328 396 omver
1349 336 1500 396 gehaald
1526 334 1562 394 en
1591 336 1827 396 verdwenen,
1846 336 1983 396 bomen
2009 336 2074 396 zijn
2100 336 2149 396 bij

445 404 670 464 honderden
699 404 841 464 geveld.
865 404 919 464 De
945 406 1183 466 hertenkamp
1219 406 1297 466 met
1318 407 1349 467 al
1373 407 1411 467 de
1437 407 1561 467 mooie
1588 405 1725 465 bomen
1756 406 1991 466 verdwenen.
2018 404 2149 464 Overal

452 480 552 540 grote
576 476 875 536 bunkermuren,
894 476 930 536 de
954 476 1224 536 Scheveningse
1245 477 1444 537 boulevard
1465 479 1647 539 helemaal
1666 477 1735 537 weg
1759 477 1798 537 en
1822 478 1901 538 alles
1923 479 2057 539 afgezet
2076 477 2147 537 met

452 549 732 609 prikkeldraad.
752 548 995 608 Plantsoenen
1021 551 1086 611 zijn
1112 548 1349 608 platgetrapt.
1375 551 1429 611 We
1452 550 1582 610 gingen
1610 549 1701 609 eerst
1721 550 1797 610 met
1814 550 1870 610 sijn
1896 550 1910 610 s
1936 550 1972 610 en
2001 551 2142 611 hebben

445 621 479 681 al
506 619 543 679 de
572 621 697 681 mooie
726 620 827 680 villas
851 622 925 682 leeg
954 622 1026 682 zien
1058 622 1174 682 staan,
1201 622 1331 682 daarna
1360 622 1437 682 met
1458 622 1516 682 lijn
1551 623 1585 683 9,
1610 622 1694 682 daar
1719 622 1787 682 was
1814 622 1875 682 het
1899 622 1962 682 het
1984 622 2039 682 zo.
2066 623 2145 683 Hoe

448 691 560 751 komt
586 694 635 754 dit
658 691 740 751 alles
763 691 853 751 weer
876 691 986 751 goed.

448 764 544 824 Toen
572 765 647 825 Cor
669 766 702 826 en
730 765 838 825 Greet
858 766 952 826 thuis
972 769 1157 829 kwamen,
1171 767 1221 827 lag
1246 767 1271 827 ik
1299 769 1359 829 net
1376 769 1459 829 mijn
1487 769 1626 829 bolusje
1648 768 1675 828 te
1701 768 1809 828 doen.
1828 769 1992 829 Gonnie,
2011 769 2064 829 die
2086 765 2147 825 mij

445 837 487 897 de
510 837 587 897 hele
613 839 672 899 dag
701 839 866 899 verzorgd
892 837 963 897 had
986 838 1008 898 is
1031 840 1111 900 toen
1139 840 1347 900 weggegaan
1379 840 1416 900 en
1441 840 1552 900 Greet
1572 840 1672 900 heeft
1692 839 1774 899 mijn
1803 839 1882 899 hips
1905 837 2079 897 gewassen
2108 840 2139 900 en

442 912 511 972 mij
531 912 555 972 in
581 912 667 972 mijn
693 911 795 971 bedje
818 912 957 972 gelegd.
988 915 1130 975 Daarna
1152 915 1247 975 kwam
1292 915 1330 975 de
1350 913 1509 973 huilerij,
1526 912 1618 972 weer
1635 912 1693 972 een
1718 914 1852 974 schone
1872 913 1972 973 luier,
1989 912 2069 972 even
2095 912 2144 972 ge¬

441 982 577 1042 wassen
602 984 688 1044 rond
713 984 797 1044 mijn
825 984 977 1044 snoetje,
996 985 1091 1045 want
1111 987 1135 1047 ik
1160 986 1230 1046 had
1252 986 1439 1046 gespuugd
1464 987 1499 1047 en
1524 987 1603 1047 toen
1628 987 1693 1047 ben
1717 987 1744 1047 ik
1772 987 1799 1047 in
1823 984 1910 1044 slaap
1940 986 2149 1046 gesukkeld,

447 1055 484 1115 zo
513 1053 653 1113 meteen
683 1055 780 1115 word
804 1055 831 1115 ik
860 1056 1027 1116 gehaald.
1051 1055 1151 1115 Oja,
1170 1057 1247 1117 Cor
1271 1058 1307 1118 en
1334 1058 1445 1118 Greet
1467 1058 1612 1118 konden
1642 1056 1718 1116 met
1740 1056 1776 1116 de
1803 1057 1885 1117 trein
1917 1055 2123 1115 Amsterdam

445 1127 524 1187 niet
546 1128 702 1188 binnen,
724 1129 853 1189 omdat
875 1127 906 1187 er
930 1127 1142 1187 vliegtuigen
1172 1129 1201 1189 in
1233 1130 1270 1190 de
1297 1130 1397 1190 lucht
1419 1130 1532 1190 waren
1559 1128 1596 1188 en
1626 1128 1660 1188 er
1681 1127 1777 1187 werd
1801 1130 2013 1190 geschoten.
2037 1130 2087 1190 Ot
2111 1130 2145 1190 de

450 1198 641 1258 Commies
663 1200 790 1260 onheil
809 1198 1016 1258 aangericht
1035 1199 1176 1259 hebben
1203 1198 1312 1258 weten
1338 1201 1386 1261 we
1408 1201 1479 1261 niet

445 1342 457 1402 3
485 1345 605 1405 maart
628 1345 710 1405 1943

451 1415 620 1475 Vandaag
646 1414 671 1474 is
692 1413 751 1473 een
779 1416 907 1476 droeve
932 1416 1015 1476 dag.
1035 1416 1122 1476 Otto
1148 1419 1187 1479 en
1213 1419 1270 1479 Els
1290 1419 1355 1479 zijn
1381 1418 1613 1478 gisteravond
1639 1417 1862 1477 opgehaald.
1880 1417 1947 1477 Dit
1967 1419 2080 1479 waren
2106 1417 2143 1477 de

442 1488 821 1548 oud-trontstrijders
844 1488 897 1548 die
923 1491 1077 1551 gehaald
1097 1488 1260 1548 werden.

450 1555 511 1615 We
536 1560 603 1620 zijn
633 1560 669 1620 de
697 1560 772 1620 hele
800 1561 861 1621 dag
892 1563 949 1623 aan
978 1563 1041 1623 het
1061 1563 1288 1623 telefoneren
1316 1563 1482 1623 geweest.
1505 1563 1663 1623 Morgen
1691 1563 1863 1623 probeert
1888 1563 1963 1623 Cor
1985 1563 2035 1623 bij
2057 1565 2090 1625 ze
2116 1563 2140 1623 te

441 1631 602 1691 komen,
624 1631 662 1691 om
707 1631 738 1691 te
759 1633 882 1693 kijken
911 1634 944 1694 of
965 1634 999 1694 er
1021 1634 1085 1694 nog
1115 1634 1177 1694 iets
1203 1635 1260 1695 aan
1289 1634 1318 1694 te
1344 1634 1433 1694 doen
1462 1635 1500 1695 is.

434 1703 467 1763 Ik
499 1703 561 1763 heb
595 1703 686 1763 weer
707 1703 835 1763 lekker
859 1705 887 1765 in
919 1706 958 1766 de
987 1706 1059 1766 tuin
1091 1708 1255 1768 gestaan,
1279 1709 1313 1769 er
1336 1706 1406 1766 was
1430 1706 1497 1766 wel
1521 1706 1578 1766 een
1610 1706 1727 1766 beetje
1753 1706 1829 1766 veel
1852 1709 1970 1769 wind,
1991 1709 2090 1769 maar
2113 1707 2139 1767 ik

437 1777 484 1837 lig
509 1775 656 1835 heerlijk
685 1776 841 1836 beschut
863 1778 899 1838 en
928 1778 955 1838 ik
983 1778 1044 1838 heb
1072 1778 1189 1838 iedere
1215 1778 1298 1838 keer
1318 1778 1378 1838 een
1404 1780 1515 1840 finke
1541 1779 1685 1839 eetlust.
1702 1779 1736 1839 Ik
1764 1778 1850 1838 krijg
1878 1778 2064 1838 trouwens
2084 1778 2145 1838 iets

445 1849 548 1909 meer
574 1849 688 1909 melk,
711 1849 809 1909 want
833 1849 861 1909 ik
893 1850 1006 1910 spuug
1037 1852 1115 1912 niet
1138 1849 1236 1909 meer
1260 1849 1397 1909 zoveel.
1420 1849 1451 1909 Ik
1482 1851 1570 1911 krijg
1601 1852 1660 1912 een
1692 1852 1821 1912 doekje
1850 1852 1927 1912 mee
1953 1851 2038 1911 naar
2062 1850 2150 1910 bed¬

441 1913 544 1973 want
566 1917 648 1977 daar
667 1915 795 1975 sabbel
814 1918 838 1978 ik
866 1918 901 1978 zo
926 1918 1026 1978 graag
1053 1920 1113 1980 op.
1132 1918 1162 1978 lk
1192 1918 1292 1978 word
1315 1918 1371 1978 een
1399 1919 1551 1979 schattig
1576 1918 1701 1978 meisje
1723 1918 1758 1978 en
1785 1918 1864 1978 Cor
1883 1918 1921 1978 en
1946 1918 2060 1978 Greet
2079 1918 2139 1978 zijn

450 1987 520 2047 dol
542 1987 579 2047 op
611 1988 693 2048 mij.

448 2061 636 2121 Charkoff
658 2060 681 2120 is
703 2060 880 2120 gevallen,
902 2058 968 2118 dús
989 2058 1079 2118 weer
1101 2060 1199 2120 meer
1220 2058 1470 2118 terreinwinst
1491 2061 1576 2121 voor
1600 2061 1637 2121 de
1661 2061 1817 2121 Russen.

441 2202 456 2262 4
482 2202 608 2262 maart
631 2202 712 2262 1943

450 2268 513 2328 We
538 2273 602 2333 zijn
632 2273 671 2333 de
696 2273 770 2333 hele
799 2273 859 2333 dag
887 2273 984 2333 bezig
1012 2273 1166 2333 geweest
1189 2273 1227 2333 om
1275 2273 1363 2333 Otto
1392 2274 1430 2334 en
1458 2274 1513 2334 Els
1536 2273 1599 2333 vrij
1624 2273 1651 2333 te
1677 2274 1826 2334 maken.
1854 2270 1906 2330 We
1934 2276 2045 2336 weten
2073 2278 2139 2338 nog

434 2343 545 2403 niets,
566 2346 758 2406 vanavond
784 2345 822 2405 om
865 2345 895 2405 13
918 2346 984 2406 uur
1005 2348 1040 2408 Cs
1058 2345 1218 2405 nachtst
1241 2348 1342 2408 uur)
1362 2345 1441 2405 gaat
1459 2347 1522 2407 het
1540 2348 1730 2408 transport
1751 2348 1816 2408 weg
1845 2348 1880 2408 en
1908 2348 1969 2408 dan
1997 2345 2058 2405 pas
2078 2346 2141 2406 we¬

446 2419 505 2479 ten
534 2417 590 2477 wij
610 2418 678 2478 hoe
704 2417 740 2477 of
760 2417 842 2477 wat.
871 2418 1151 2478 Waarschijnlijk
1180 2421 1316 2481 krijgen
1342 2421 1401 2481 wij
1424 2420 1458 2480 om
1506 2420 1577 2480 vier
1597 2420 1664 2480 uur
1688 2420 1747 2480 een
1773 2420 1934 2480 belletje.
1951 2420 2030 2480 Het
2047 2420 2143 2480 heeft

445 2489 537 2549 onze
564 2489 625 2549 dag
651 2491 741 2551 weer
760 2491 810 2551 etg
839 2491 982 2551 droevig
1009 2494 1181 2554 gemaakt
1200 2493 1236 2553 en
1263 2491 1339 2551 Cor
1361 2491 1461 2551 moet
1480 2493 1520 2553 nu
1552 2493 1617 2553 nog
1647 2492 1681 2552 de
1708 2491 1813 2551 huiers
1832 2494 1999 2554 spoelen,
2020 2493 2142 2553 omdat

434 2562 552 2622 Greet
573 2563 640 2623 nog
667 2563 785 2623 steeds
806 2563 873 2623 last
895 2564 953 2624 van
981 2567 1066 2627 haar
1088 2566 1146 2626 rug
1173 2566 1275 2626 heeft
1297 2565 1334 2625 en
1361 2566 1419 2626 van
1449 2566 1535 2626 haar
1556 2566 1634 2626 oot.

443 2635 477 2695 lk
511 2635 573 2695 heb
607 2635 698 2695 weer
724 2635 760 2695 de
789 2637 865 2697 hele
894 2638 956 2698 dag
985 2639 1015 2699 in
1047 2640 1083 2700 de
1112 2638 1185 2698 tuin
1220 2638 1361 2698 gestaan
1390 2638 1429 2698 en
1458 2640 1486 2700 ik
1515 2638 1602 2698 krijg
1631 2640 1804 2700 heerlijke
1829 2640 1908 2700 roze
1934 2641 2144 2701 wangetjes.

440 2709 533 2769 Mijn
565 2709 721 2769 haartjes
744 2710 932 2770 beginnen
961 2711 1026 2771 ook
1057 2709 1085 2769 te
1111 2709 1253 2769 groeien
1285 2712 1322 2772 en
1351 2712 1379 2772 ik
1411 2712 1473 2772 heb
1502 2713 1606 2773 lange
1632 2712 1806 2772 gekrulde
1834 2712 2022 2772 wimpers.
2048 2712 2139 2772 Oma

440 2781 559 2841 Draak
590 2781 690 2841 heeft
710 2781 773 2841 mij
796 2782 932 2842 gevoed
957 2785 1205 2845 vanmorgen.
1225 2785 1300 2845 Dat
1320 2784 1344 2844 is
1367 2784 1425 2844 een
1456 2784 1567 2844 genot
1589 2785 1675 2845 voor
1698 2786 1795 2846 haar.
1815 2785 1873 2845 Lij
1893 2784 2007 2844 denkt
2029 2784 2143 2844 steeds

444 2855 511 2915 dat
533 2854 560 2914 ik
591 2853 694 2913 tegen
724 2855 810 2915 haar
833 2857 930 2917 lach,
952 2858 1052 2918 maar
1074 2856 1202 2916 lachen
1233 2855 1299 2915 doe
1327 2856 1354 2916 ik
1385 2856 1454 2916 nog
1485 2855 1574 2915 niet,
1599 2855 1665 2915 wel
1690 2855 1734 2915 als
1760 2855 1873 2915 Greet
1896 2856 1951 2916 me
1979 2856 2031 2916 bij
2054 2855 2137 2915 mijn

440 2927 599 2987 handjes
619 2927 707 2987 pakt
727 2927 764 2987 en
789 2927 880 2987 regt:
903 2929 971 2989 nou
997 2930 1062 2990 kom
1111 2930 1195 2990 dan'
1213 2930 1292 2990 Dan
1321 2930 1360 2990 til
1378 2930 1403 2990 ik
1432 2929 1517 2989 mijn
1543 2929 1699 2989 hoofdje
1722 2930 1758 2990 op
1790 2930 1826 2990 en
1855 2930 1915 2990 dan
1943 2930 2017 2990 legt
2037 2929 2145 2989 Greet

435 2999 523 3059 haar
546 3001 643 3061 hand
671 3001 796 3061 achter
819 3001 905 3061 mijn
936 3003 1097 3063 ruggetje
1125 3002 1161 3062 en
1192 3002 1256 3062 dan
1287 3005 1354 3065 kom
1398 3003 1451 3063 ik.
1471 3002 1501 3062 Ik
1532 3002 1596 3062 heb
1627 3004 1713 3064 mijn
1744 3005 1969 3065 huiluurtje,
1989 3005 2086 3065 maar
2112 3005 2136 3065 ik

435 3069 541 3129 word
564 3073 598 3133 zo
627 3074 781 3134 gehaald
807 3073 902 3133 want
926 3073 987 3133 het
1007 3075 1032 3135 is
1052 3076 1151 3136 bijna
1174 3076 1252 3136 half
1273 3076 1371 3136 acht.
