2479 3508
353 336 365 396 5
390 333 506 393 maart
526 331 607 391 1943

351 402 444 462 Otto
476 402 515 462 en
546 402 603 462 Els
629 401 694 461 zijn
728 403 1003 463 doorgestuurd
1029 403 1114 463 naar
1145 404 1278 464 Vught.
1310 404 1363 464 We
1392 404 1457 464 zijn
1491 404 1525 464 er
1548 404 1664 464 kapot
1690 404 1772 464 van.
1798 405 1851 465 Om
1903 405 1956 465 zes
1982 405 2047 465 uur

349 474 468 534 waren
497 476 546 536 we
574 476 636 536 op.
660 476 734 536 Cor
760 476 784 536 is
810 476 952 536 meteen
980 479 1065 539 naar
1089 479 1285 539 kennissen
1317 476 1376 536 van
1410 478 1448 538 de
1477 479 1603 539 Joodse
1629 479 1709 539 raad
1738 479 1867 539 gegaan
1901 479 1937 539 en
1968 479 2048 539 daar

349 548 493 608 hoorde
524 548 555 608 ze
586 548 648 608 het
674 548 821 608 droevig
852 549 973 609 einde.
1005 551 1235 611 Vanmorgen
1266 551 1410 611 hadden
1441 548 1493 608 we
1521 548 1598 608 hier
1622 549 1710 609 twee
1741 552 1880 612 relaties
1909 552 1965 612 van
1999 555 2051 615 ze,

350 616 485 676 beiden
514 619 628 679 waren
654 619 716 679 het
737 619 783 679 als
805 619 862 679 wij
885 619 934 679 erg
966 619 1080 679 onder
1103 622 1139 682 de
1163 622 1316 682 indruk.

341 691 389 751 Le
415 691 560 751 hebben
586 691 672 751 mijn
700 692 820 752 kleine
843 694 1065 754 lichaampje
1091 693 1308 753 geknuffeld
1331 694 1556 754 vanmorgen
1585 691 1622 751 en
1651 692 1710 752 een
1736 694 1796 754 stil
1816 694 1924 754 gebed
1953 696 2041 756 steeg

347 763 406 823 ten
433 763 573 823 hemel.
597 760 698 820 Onze
719 761 818 821 beste
844 765 1037 825 vrienden.
1058 766 1143 826 God
1167 764 1336 824 behoede
1357 766 1445 826 hen.

351 834 385 894 Ik
416 834 480 894 heb
510 834 656 894 heerlijk
689 834 719 894 in
749 834 811 894 het
833 837 1003 897 zonnetje
1031 837 1171 897 gestaan
1201 837 1279 897 met
1301 837 1339 897 de
1366 837 1429 897 kap
1459 837 1545 897 naar
1570 837 1756 897 beneden.
1778 837 1811 897 Ik
1841 837 1905 897 ben
1938 839 2041 899 alleen

349 906 468 966 iedere
496 906 577 966 keer
599 909 891 969 uitgehongerd,
914 909 959 969 als
981 909 1008 969 ik
1038 909 1176 969 binnen
1204 909 1312 969 kom.
1331 908 1364 968 Ik
1394 908 1456 968 heb
1489 911 1575 971 twee
1600 910 1735 970 plassen
1765 909 1923 969 gedaan,
1942 909 2050 969 zodat

348 979 435 1039 alles
458 981 557 1041 dreet
583 978 617 1038 en
649 979 708 1039 een
734 982 940 1042 behoorlijk
972 981 1131 1041 bolusje.
1151 984 1244 1044 Mijn
1276 981 1349 1041 eten
1378 981 1477 1041 blijft
1500 981 1533 1041 er
1554 981 1678 1041 lekker
1698 981 1729 1041 in
1758 983 1797 1043 en
1826 981 1874 1041 we
1903 981 2041 1041 denken

352 1052 418 1112 dan
452 1052 515 1112 ook
546 1052 607 1112 dat
627 1052 654 1112 ik
685 1052 768 1112 deze
793 1052 884 1112 week
912 1052 1117 1112 behoorlijk
1148 1055 1400 1115 aangekomen
1428 1055 1480 1115 zal
1500 1052 1586 1112 zijn.
1608 1053 1682 1113 Het
1705 1053 1730 1113 is
1750 1054 1827 1114 halt
1849 1055 1929 1115 acht
1952 1052 1987 1112 en
2016 1055 2043 1115 ik

348 1125 428 1185 mag
456 1127 489 1187 zo
514 1127 656 1187 binnen
682 1127 837 1187 komen,
859 1125 1037 1185 alhoewel
1057 1127 1082 1187 ik
1110 1129 1152 1189 na
1177 1129 1263 1189 mijn
1291 1130 1494 1190 huiluurtje
1517 1128 1639 1188 lekker
1658 1127 1700 1187 lig
1728 1128 1756 1188 te
1778 1127 1920 1187 slapen.

345 1270 360 1330 6
388 1272 510 1332 maart
531 1273 613 1333 1943

347 1342 409 1402 De
435 1342 514 1402 hele
543 1344 605 1404 dag
637 1343 699 1403 heb
733 1342 761 1402 ik
793 1342 940 1402 heerlijk
972 1343 1003 1403 in
1034 1345 1099 1405 het
1120 1345 1293 1405 zonnetje
1321 1347 1483 1407 gestaan.
1512 1347 1557 1407 Ze
1583 1345 1651 1405 zijn
1682 1345 1759 1405 hier
1785 1347 1955 1407 allemaal
1978 1349 2040 1409 nog

340 1411 460 1471 steeds
482 1410 536 1470 erg
561 1413 749 1473 verdrietig
777 1413 858 1473 over
877 1413 932 1473 Els
951 1414 989 1474 en
1017 1414 1128 1474 Otto.
1145 1414 1191 1474 Le
1213 1415 1335 1475 praten
1363 1416 1395 1476 er
1418 1416 1453 1476 de
1475 1416 1551 1476 hele
1576 1416 1638 1476 dag
1663 1416 1761 1476 maar
1783 1415 1876 1475 over.
1892 1416 1922 1476 lk
1949 1416 1995 1476 zie
2018 1418 2050 1478 er

343 1485 493 1545 heerlijk
521 1488 591 1548 uit,
608 1488 641 1548 af
661 1488 700 1548 en
726 1487 784 1547 toe
806 1486 963 1546 probeer
982 1488 1010 1548 ik
1039 1488 1069 1548 te
1092 1488 1236 1548 lachen,
1256 1489 1357 1549 maar
1376 1488 1441 1548 het
1458 1488 1538 1548 lukt
1558 1488 1636 1548 niet
1656 1488 1723 1548 erg

351 1634 365 1694 7
390 1633 511 1693 maart
531 1631 614 1691 1943

345 1703 380 1763 lk
410 1703 499 1763 weeg
529 1703 632 1763 zeven
657 1706 779 1766 pond.
798 1705 828 1765 Ik
855 1703 920 1763 ben
948 1705 977 1765 in
1007 1706 1064 1766 een
1092 1706 1184 1766 week
1214 1706 1276 1766 260
1304 1706 1382 1766 gram
1429 1706 1703 1766 aangekomen.
1722 1706 1798 1766 Dat
1817 1706 1841 1766 is
1863 1706 1944 1766 heel
1966 1707 2050 1767 veel,

340 1775 372 1835 ik
401 1775 445 1835 lig
471 1775 573 1835 soms
599 1775 663 1835 ook
695 1775 847 1835 gewoon
879 1778 908 1838 te
931 1778 1079 1838 puften,
1100 1778 1129 1838 ik
1158 1778 1222 1838 heb
1255 1778 1321 1838 dus
1342 1778 1432 1838 mijn
1461 1778 1592 1838 schade
1619 1775 1688 1835 wel
1709 1778 1921 1838 ingehaald.
1942 1780 1971 1840 Ik
2000 1782 2040 1842 lig

342 1849 414 1909 ook
446 1849 482 1909 de
508 1849 583 1909 hele
609 1848 668 1908 dag
697 1847 723 1907 te
749 1850 992 1910 zonnebaden
1019 1849 1049 1909 in
1078 1849 1117 1909 de
1141 1849 1236 1909 tuin,
1255 1849 1291 1909 er
1312 1849 1379 1909 was
1400 1849 1467 1909 wel
1488 1849 1545 1909 een
1571 1848 1687 1908 beetje
1711 1850 1827 1910 wind,
1846 1852 1944 1912 maar
1968 1852 2050 1912 och

345 1921 376 1981 ik
405 1921 447 1981 lig
476 1921 509 1981 er
533 1921 725 1981 warmpjes
749 1921 799 1981 in.
822 1921 933 1981 Greet
956 1921 1052 1981 hield
1078 1924 1132 1984 me
1161 1921 1390 1981 gisteravond
1416 1921 1498 1981 even
1527 1921 1581 1981 bij
1601 1923 1751 1983 Plukkie
1777 1921 1814 1981 en
1840 1923 1893 1983 hij
1917 1924 1970 1984 gaf
1993 1924 2044 1984 me

348 1993 411 2053 een
439 1993 567 2053 kopje.
589 1993 664 2053 Het
686 1993 753 2053 was
778 1993 844 2053 wel
864 1993 947 2053 even
973 1993 1147 2053 kriebelig
1175 1996 1233 2056 dat
1253 1995 1355 2055 lange
1381 1994 1477 2054 haar.
1495 1994 1528 2054 Ik
1556 1993 1622 2053 ben
1650 1994 1797 2054 heerlijk
1825 1996 2050 2056 gebadderd,

351 2065 437 2125 daar
462 2064 568 2124 moet
594 2064 619 2124 ik
652 2064 841 2124 trouwens
869 2064 970 2124 altijd
998 2066 1065 2126 nog
1099 2067 1136 2127 om
1187 2065 1308 2125 huilen
1341 2067 1379 2127 en
1412 2067 1477 2127 ook
1513 2067 1558 2127 als
1584 2067 1672 2127 mijn
1705 2066 1829 2126 neusje
1859 2067 1894 2127 en
1930 2066 2048 2126 oogjes

349 2133 677 2193 schoongemaakt
701 2131 868 2191 worden.
887 2131 919 2191 Ik
948 2130 1011 2190 heb
1043 2133 1133 2193 weer
1157 2133 1239 2193 even
1269 2133 1478 2193 gespuugd.
1499 2136 1576 2196 Het
1597 2135 1709 2195 gaatje
1735 2134 1796 2194 van
1825 2133 1910 2193 mijn
1939 2133 2042 2193 speen

347 2202 472 2262 wordt
494 2202 583 2262 weer
603 2203 629 2263 te
654 2202 760 2262 groot
782 2205 817 2265 en
844 2204 906 2264 dan
936 2203 1034 2263 drink
1061 2203 1088 2263 ik
1116 2205 1145 2265 te
1167 2208 1300 2268 gulzig.
1320 2205 1387 2265 Die
1409 2205 1545 2265 spenen
1569 2205 1634 2265 zijn
1662 2205 1726 2265 ook
1754 2205 1786 2265 zo
1811 2205 1941 2265 slecht.
1960 2206 2050 2266 Echt

351 2273 723 2333 oorlogsmateriaal.

341 2417 360 2477 8
384 2419 508 2479 maart
530 2420 614 2480 1943

349 2488 588 2548 Vanmorgen
617 2488 712 2548 werd
738 2488 764 2548 ik
793 2489 855 2549 pas
884 2491 920 2551 om
967 2491 1083 2551 kwart
1107 2490 1195 2550 voor
1218 2488 1301 2548 acht
1324 2489 1482 2549 wakker,
1506 2491 1570 2551 ook
1602 2490 1680 2550 Cor
1703 2489 1739 2549 en
1771 2488 1882 2548 Greet
1906 2491 2048 2551 hebben

350 2563 641 2623 doorgeslapen.
662 2561 691 2621 Ik
721 2561 789 2621 was
816 2562 853 2622 om
895 2563 1012 2623 kwart
1036 2563 1115 2623 over
1139 2561 1210 2621 vier
1232 2562 1417 2622 vannacht
1438 2563 1597 2623 wakker.
1619 2563 1706 2623 loen
1735 2562 1835 2622 heeft
1854 2563 1965 2623 Greet
1987 2566 2053 2626 mij

347 2629 437 2689 even
468 2638 709 2698 omgedraaid
738 2636 776 2696 en
807 2637 864 2697 me
893 2638 952 2698 een
984 2636 1113 2696 doekje
1142 2638 1296 2698 gegeven
1328 2638 1366 2698 om
1416 2638 1447 2698 te
1473 2638 1664 2698 sabbelen.
1688 2636 1719 2696 Ik
1750 2635 1814 2695 ben
1848 2635 1928 2695 toen
1962 2636 2050 2696 weer

345 2709 381 2769 in
409 2711 497 2771 slaap
531 2709 747 2769 gesukkeld,
770 2710 845 2770 met
867 2709 928 2769 het
948 2711 1117 2771 bekende
1142 2712 1326 2772 resustaat.
1348 2711 1426 2771 Oor
1446 2709 1545 2769 heeft
1568 2709 1623 2769 me
1649 2709 1729 2769 toen
1757 2709 1834 2769 vlug
1865 2709 2054 2769 verzorgd,

348 2781 464 2841 Greet
484 2781 584 2841 heeft
606 2781 684 2841 thee
709 2783 823 2843 gezet,
840 2784 884 2844 ja,
904 2783 973 2843 nog
1001 2784 1101 2844 echte
1121 2784 1232 2844 hoor,
1249 2784 1295 2844 als
1312 2783 1412 2843 beste
1435 2784 1499 2844 het
1516 2783 1618 2843 pakje
1644 2781 1702 2841 van
1730 2781 1741 2841 t
1766 2781 1830 2841 ons
1852 2781 1916 2841 ook
1941 2783 1969 2843 f.
1986 2784 2038 2844 19,

358 2856 482 2916 loen
513 2852 631 2912 begon
665 2853 693 2913 ik
726 2855 754 2915 te
782 2856 948 2916 jengelen
979 2857 1017 2917 en
1048 2856 1111 2916 heb
1148 2855 1239 2915 weer
1264 2856 1430 2916 geslapen
1461 2855 1516 2915 tot
1542 2855 1610 2915 tien
1644 2855 1724 2915 uur.
1749 2855 1893 2915 Daarna
1924 2855 1987 2915 ben
2021 2855 2048 2915 ik

354 2929 586 2989 gebaelderd,
606 2929 694 2989 mijn
722 2927 818 2987 Hesje
844 2927 1018 2987 gekregen
1046 2929 1084 2989 en
1112 2927 1192 2987 toen
1224 2927 1315 2987 weer
1334 2927 1364 2987 in
1392 2927 1456 2987 het
1476 2929 1663 2989 zonnetje.
1683 2928 1713 2988 Ik
1741 2929 1821 2989 sliep
1852 2927 1888 2987 zo
1916 2927 1954 2987 en
1982 2927 2046 2987 had

347 3003 437 3063 mijn
464 3002 572 3062 kopje
597 3003 780 3063 helemaal
798 3003 883 3063 naar
905 3002 966 3062 het
985 3003 1152 3063 zonsicht
1173 3002 1226 3062 toe
1250 3005 1438 3065 gedraaid.
1460 3002 1513 3062 Om
1558 3002 1569 3062 t
1593 3002 1656 3062 uur
1681 3002 1770 3062 weer
1789 3001 1877 3061 naar
1896 3001 2055 3061 binnen,

350 3076 440 3136 mijn
469 3074 563 3134 Hesje
588 3074 625 3134 en
654 3072 736 3132 even
765 3075 969 3135 uitputten,
989 3076 1088 3136 want
1108 3076 1136 3136 je
1159 3073 1256 3133 voelt
1273 3075 1301 3135 je
1327 3074 1372 3134 als
1395 3075 1454 3135 een
1480 3076 1622 3136 ballon,
1642 3075 1687 3135 als
1707 3073 1735 3133 je
1759 3073 1829 3133 zon
1861 3073 1954 3133 fesje
1977 3075 2045 3135 leeg
