2479 3508
438 339 550 399 hebt.
571 339 716 399 Daarna
745 337 835 397 weer
859 338 1080 398 aangekleed
1106 336 1145 396 en
1171 338 1257 398 naar
1278 337 1405 397 buiten
1434 337 1462 397 in
1491 340 1553 400 het
1574 338 1766 398 zonnetje.
1788 338 1842 398 Om
1886 339 1951 399 vijf
1972 339 2039 399 uur
2063 340 2151 400 weer

447 408 610 468 binnen,
629 407 745 467 Hesje,
765 407 849 467 Hink
879 407 1088 467 uitrekken,
1110 407 1169 467 een
1197 407 1335 467 boertje
1360 410 1452 470 laten
1479 408 1517 468 en
1544 408 1631 468 naar
1650 409 1737 469 mijn
1767 407 1889 467 bedje.
1911 407 2008 467 Eerst
2030 406 2128 466 jenge

451 479 526 539 len,
546 481 624 541 toen
651 479 748 539 heeft
770 481 878 541 Greet
898 479 960 539 mij
982 479 1060 539 even
1087 479 1176 539 goed
1198 482 1325 542 gelegd
1344 482 1379 542 en
1404 482 1458 542 me
1482 482 1542 542 een
1566 479 1693 539 doekje
1715 479 1869 539 gegeven
1894 482 1931 542 en
1956 482 2153 542 warempel

455 551 675 611 (werkelijk)
696 551 726 611 in
755 553 840 613 mijn
868 553 1072 613 huiluurtje
1095 554 1160 614 ben
1185 556 1213 616 ik
1242 557 1324 617 gaan
1353 555 1494 615 slapen.
1514 554 1593 614 Dus
1616 554 1678 614 heb
1707 555 1735 615 ik
1760 556 1848 616 mijn
1876 554 2055 614 longetjes
2078 554 2151 614 niet

442 625 605 685 kunnen
634 625 802 685 trainen.

441 696 520 756 Het
542 694 566 754 is
589 695 629 755 nu
662 695 779 755 kwart
801 697 888 757 voor
910 697 1025 757 negen
1055 697 1235 757 ongeveer
1259 698 1295 758 en
1322 700 1352 760 ik
1379 699 1417 759 ga
1442 697 1534 757 weer
1557 699 1586 759 in
1614 700 1704 760 mijn
1731 700 1856 760 bedje.
1876 700 2028 760 Plukkie
2053 697 2151 757 heeft

442 769 530 829 even
559 769 661 829 naast
678 769 735 829 me
761 770 903 830 gelegen
934 772 968 832 op
1000 772 1040 832 de
1063 772 1165 832 divan
1194 772 1230 832 en
1256 772 1322 832 zijn
1348 772 1458 832 kopje
1481 772 1581 832 heeft
1601 772 1652 832 hij
1672 772 1709 832 op
1738 772 1826 832 mijn
1852 772 1988 832 handje
2011 772 2153 832 gelegd.

442 840 605 900 Morgen
632 842 733 902 word
757 843 781 903 ik
810 844 978 904 gedoopt
999 843 1036 903 en
1063 843 1183 903 wordt
1205 843 1239 903 er
1258 843 1317 903 een
1344 845 1418 905 toto
1447 845 1506 905 van
1535 846 1602 906 mij
1621 846 1807 906 gemaakt.

444 990 461 1050 9
484 990 610 1050 maart
633 990 716 1050 1943

457 1060 623 1120 Vandaag
651 1061 714 1121 ben
745 1061 773 1121 ik
801 1061 980 1121 gedoopt.
1000 1061 1033 1121 Ik
1064 1061 1130 1121 was
1155 1061 1229 1121 niet
1252 1061 1285 1121 zo
1313 1062 1448 1122 lekker,
1468 1061 1567 1121 want
1590 1061 1614 1121 ik
1642 1061 1714 1121 had
1739 1062 1830 1122 weer
1852 1063 1921 1123 wat
1944 1064 2151 1124 gespuugd.

441 1130 502 1190 Om
547 1133 637 1193 twee
662 1133 728 1193 uur
752 1133 866 1193 waren
895 1133 953 1193 wij
975 1133 1001 1193 in
1034 1133 1071 1193 de
1095 1133 1198 1193 kerk.
1222 1133 1318 1193 Oma
1345 1136 1549 1196 Hennekam
1597 1133 1634 1193 en
1664 1133 1817 1193 Gonnie
1844 1133 1895 1193 die
1919 1133 2006 1193 mijn
2036 1133 2147 1193 meter

443 1206 509 1266 zou
540 1204 626 1264 zijn.
649 1204 745 1264 Oma
774 1204 890 1264 Draak
921 1204 987 1264 was
1010 1204 1112 1264 gelijk
1143 1207 1218 1267 met
1241 1207 1304 1267 ons
1327 1206 1404 1266 mee
1430 1206 1585 1266 gegaan.
1605 1207 1635 1267 Ik
1660 1207 1710 1267 lag
1741 1207 1768 1267 in
1799 1205 1885 1265 mijn
1916 1204 2057 1264 wagen,
2077 1205 2141 1265 had

445 1276 508 1336 een
541 1276 617 1336 hele
644 1276 750 1336 lange
777 1276 874 1336 witte
904 1276 1097 1336 onderjurk
1130 1279 1209 1339 met
1230 1276 1373 1336 kantjes
1400 1276 1437 1336 en
1466 1278 1556 1338 mijn
1589 1276 1769 1336 doopjurk
1803 1278 1880 1338 met
1904 1276 2047 1336 kantjes
2074 1277 2153 1337 aan.

452 1348 565 1408 Greet
587 1348 655 1408 had
679 1348 744 1408 mij
766 1348 826 1408 een
850 1348 945 1408 extra
969 1350 1124 1410 wolletje
1148 1351 1376 1411 aangedaan,
1395 1351 1527 1411 omdat
1547 1351 1609 1411 het
1628 1351 1657 1411 in
1685 1350 1725 1410 de
1747 1348 1826 1408 kerk
1856 1349 1966 1409 nogal
1986 1348 2042 1408 fris
2064 1350 2102 1410 is.

446 1417 528 1477 Cor
562 1419 712 1479 Connie
741 1419 778 1479 en
809 1421 920 1481 Greet
943 1422 1070 1482 gingen
1102 1423 1130 1483 in
1162 1422 1201 1482 de
1227 1422 1403 1482 pastorie,
1423 1422 1451 1482 ik
1482 1422 1576 1482 werd
1602 1422 1829 1482 uitgekleed,
1852 1422 1911 1482 dat
1934 1422 1993 1482 wil
2014 1421 2144 1481 zeggen

445 1494 535 1554 mijn
565 1492 649 1552 cape
673 1491 711 1551 en
736 1491 822 1551 mijn
853 1494 985 1554 mutsje
1007 1494 1053 1554 af.
1075 1495 1151 1555 Cor
1173 1496 1259 1556 deed
1287 1497 1360 1557 zich
1388 1497 1425 1557 de
1450 1494 1653 1554 doopsprei
1675 1495 1776 1555 voor,
1795 1494 1860 1554 ook
1887 1494 1966 1554 met
1985 1494 2153 1554 allemaal

441 1566 569 1626 mooie
597 1564 741 1624 kantjes
768 1565 806 1625 en
836 1567 871 1627 zo
907 1564 1038 1624 gingen
1071 1565 1130 1625 wij
1158 1566 1250 1626 door
1278 1568 1315 1628 de
1346 1569 1449 1629 kerk,
1474 1569 1560 1629 naar
1588 1567 1626 1627 de
1659 1567 1858 1627 doopzaal.
1882 1567 1980 1627 Daar
2005 1566 2078 1626 had
2108 1567 2143 1627 de

450 1637 635 1697 plechtige
663 1637 873 1697 ceremonie
898 1640 1028 1700 plaats,
1051 1640 1161 1700 alleen
1192 1640 1272 1700 toen
1303 1640 1330 1700 ik
1364 1640 1421 1700 een
1452 1640 1546 1700 klein
1574 1639 1690 1699 beetje
1718 1639 1845 1699 gewijd
1873 1640 1959 1700 zout
1987 1640 2022 1700 op
2056 1640 2139 1700 mijn

437 1709 525 1769 lipje
551 1709 653 1769 kreeg
683 1711 756 1771 trok
791 1712 816 1772 ik
848 1714 907 1774 een
937 1715 1030 1775 lelijk
1059 1715 1219 1775 gezicht,
1242 1715 1307 1775 ook
1339 1715 1401 1775 het
1425 1713 1536 1773 water
1562 1712 1621 1772 dat
1647 1713 1684 1773 op
1716 1715 1804 1775 mijn
1836 1712 1989 1772 hoofdje
2015 1715 2149 1775 kwam,

450 1783 508 1843 gat
531 1781 594 1841 mij
617 1782 719 1842 reden
747 1782 785 1842 om
830 1783 888 1843 een
913 1784 1004 1844 klein
1033 1784 1149 1844 beetje
1171 1784 1198 1844 te
1224 1785 1448 1845 mopperen.
1470 1785 1539 1845 Wij
1562 1786 1689 1846 gingen
1717 1785 1797 1845 toen
1825 1785 1864 1845 de
1886 1784 1964 1844 kerk
1994 1784 2086 1844 door
2108 1784 2138 1844 en

450 1852 599 1912 hebben
624 1852 785 1912 gebeden
813 1854 865 1914 bij
882 1856 943 1916 het
962 1855 1064 1915 beeld
1090 1857 1150 1917 van
1181 1856 1283 1916 Onze
1306 1855 1391 1915 lieve
1414 1856 1552 1916 vrouw.
1569 1858 1599 1918 lk
1630 1856 1696 1916 was
1722 1855 1893 1915 geweldig
1918 1855 2012 1915 zoet.

447 1921 596 1981 Daarna
625 1922 690 1982 zijn
724 1921 773 1981 we
801 1922 886 1982 naar
915 1924 954 1984 de
982 1923 1169 1983 fotograat
1195 1925 1350 1985 gestapt.
1376 1924 1474 1984 Deze
1503 1924 1572 1984 was
1599 1924 1759 1984 gesloten
1793 1924 1829 1984 en
1863 1924 2005 1984 maakte
2039 1923 2142 1983 alleen

447 1993 636 2053 pastoto5.
654 1993 800 2053 Daatha
823 1993 951 2053 gingen
977 1993 1025 2053 we
1045 1996 1131 2056 naar
1151 1996 1189 2056 de
1212 1993 1514 2053 Ceintuurbaan.
1532 1996 1622 2056 Hier
1643 1993 1807 2053 moesten
1830 1993 1877 2053 we
1900 1994 1958 2054 een
1986 1993 2142 2053 afspraak

446 2064 603 2124 maken,
628 2064 726 2124 maar
753 2064 788 2124 er
813 2064 921 2124 stond
953 2064 989 2124 op
1027 2064 1066 2124 de
1093 2065 1285 2125 toonbank
1319 2067 1378 2127 een
1408 2065 1476 2125 bus
1504 2066 1565 2126 van
1597 2065 1818 2125 winterhulp
1853 2066 1890 2126 en
1924 2066 1985 2126 dat
2008 2067 2062 2127 zei
2086 2065 2148 2125 ons

449 2135 619 2195 genoeg.

469 2198 524 2258 Wij
547 2207 610 2267 zijn
641 2207 707 2267 dus
730 2205 799 2265 wat
821 2207 882 2267 dat
901 2205 1034 2265 betreft
1059 2208 1286 2268 onverrichte
1311 2208 1394 2268 zake
1417 2209 1516 2269 terug
1544 2208 1713 2268 gekeerd.
1735 2208 1826 2268 Toen
1854 2208 1912 2268 wij
1935 2208 2031 2268 thuis
2054 2208 2145 2268 kwa

445 2277 530 2337 men
556 2279 654 2339 kreeg
678 2279 704 2339 ik
734 2277 789 2337 een
816 2276 951 2336 schone
973 2276 1063 2336 huier
1081 2276 1116 2336 en
1142 2276 1235 2336 werd
1259 2276 1333 2336 vlug
1357 2276 1386 2336 in
1410 2278 1497 2338 mijn
1524 2278 1627 2338 bedje
1649 2279 1810 2339 gestopt,
1829 2279 1924 2339 want
1943 2276 1969 2336 ik
1996 2277 2062 2337 was
2084 2279 2144 2339 wat

445 2348 511 2408 aan
538 2351 601 2411 het
623 2351 795 2411 drenzen.
817 2351 962 2411 Dokter
981 2353 1007 2413 is
1026 2352 1097 2412 nog
1124 2349 1278 2409 geweest
1300 2351 1336 2411 en
1363 2352 1461 2412 vond
1485 2352 1541 2412 me
1565 2351 1597 2411 er
1618 2351 1676 2411 sijn
1703 2353 1854 2413 uitzien.

438 2497 474 2557 to
501 2497 623 2557 maart
645 2497 727 2557 1943

453 2566 557 2626 Weer
577 2569 724 2629 heerlijk
756 2569 795 2629 de
821 2569 897 2629 hele
923 2569 985 2629 dag
1014 2569 1042 2629 in
1076 2569 1113 2629 de
1139 2569 1297 2629 zonnige
1323 2570 1396 2630 tuin
1428 2568 1589 2628 gestaan.
1612 2569 1688 2629 Cor
1711 2570 1790 2630 zegt
1813 2569 1944 2629 steeds,
1967 2571 2003 2631 jij
2026 2571 2148 2631 maakt

443 2641 486 2701 op
516 2641 567 2701 die
590 2642 734 2702 manier
754 2640 840 2700 twee
863 2641 1001 2701 zomers
1025 2641 1115 2701 door
1148 2641 1239 2701 Alles
1260 2639 1386 2699 begint
1406 2643 1434 2703 in
1464 2643 1502 2703 de
1525 2643 1598 2703 tuin
1626 2643 1679 2703 uit
1697 2643 1725 2703 te
1748 2643 1874 2703 lopen,
1894 2643 2003 2703 alleen
2028 2641 2096 2701 was
2117 2641 2147 2701 er

443 2715 634 2775 vannacht
656 2712 724 2772 wel
743 2712 801 2772 een
828 2712 944 2772 beetje
969 2712 1187 2772 nachtvorst
1209 2712 1379 2772 geweest.

435 2787 468 2847 Ik
493 2789 580 2849 krijg
605 2787 884 2847 tegenwoordig
910 2787 968 2847 een
997 2787 1083 2847 doek
1111 2789 1189 2849 mee
1212 2790 1296 2850 naar
1316 2788 1382 2848 bed
1408 2788 1444 2848 en
1472 2790 1640 2850 daarmee
1663 2790 1698 2850 ga
1721 2790 1749 2850 ik
1777 2790 1841 2850 dan
1866 2791 1992 2851 lekker
2012 2792 2151 2852 slapen.
