2479 3508
350 330 424 390 wat
443 330 466 390 is
488 330 548 390 dat
567 330 651 390 kind
678 328 765 388 sterk
795 328 829 388 en
858 330 919 390 dan
946 330 990 390 sla
1012 330 1041 390 ik
1068 332 1141 392 met
1160 330 1282 390 armen
1308 331 1345 391 en
1369 330 1488 390 benen
1515 330 1552 390 en
1576 331 1676 391 maak
1706 332 1846 392 daarbij
1865 333 2052 393 geluidjes,

351 403 395 463 of
412 401 447 461 ga
470 401 630 461 belletjes
650 402 791 462 blazen.
810 401 976 461 Gisteren
1001 401 1070 461 was
1087 401 1115 461 ik
1140 402 1176 462 zo
1198 404 1284 464 sterk
1315 404 1373 464 dat
1392 404 1417 464 ik
1445 402 1575 462 mezelt
1592 404 1694 464 tegen
1716 404 1802 464 mijn
1830 406 1932 466 oogje
1954 407 2040 467 sloeg

351 476 395 536 en
423 475 505 535 toen
536 473 624 533 hard
650 475 766 535 begon
799 475 827 535 te
855 473 998 533 huilen.
1021 476 1098 536 Het
1120 476 1189 536 was
1218 479 1375 539 vandaag
1406 479 1458 539 erg
1486 479 1738 539 regenachtig,
1761 479 1796 539 zo
1824 479 1907 539 zelfs
1935 479 1993 539 dat
2018 476 2043 536 ik

351 550 577 610 vanmiddag
603 548 677 608 niet
697 548 724 608 in
752 548 791 608 de
811 548 885 608 tuin
910 550 979 610 kon
1005 551 1040 611 en
1066 551 1090 611 ik
1115 551 1146 611 in
1171 551 1256 611 mijn
1282 551 1387 611 bedje
1409 551 1542 611 moest.
1559 552 1650 612 Ioen
1672 553 1739 613 ben
1764 551 1788 611 ik
1814 552 1899 612 gaan
1925 551 2043 611 huilen

346 618 450 678 want
470 619 533 679 het
556 619 622 679 was
644 620 721 680 lang
752 621 785 681 zo
813 619 959 679 gezellig
985 619 1076 679 niet.

356 688 412 748 Om
455 691 520 751 vijt
537 691 605 751 uur
625 691 687 751 heb
715 691 740 751 ik
766 692 854 752 mijn
880 694 976 754 Hesje
999 696 1111 756 gehad
1137 694 1171 754 en
1200 694 1234 754 om
1279 696 1333 756 zes
1353 694 1418 754 uur
1441 696 1517 756 ging
1543 694 1571 754 ik
1597 694 1681 754 naar
1701 694 1786 754 bed.
1803 694 1834 754 Ik
1863 697 1928 757 was
1948 696 2046 756 zeker

352 760 406 820 eig
434 763 532 823 moe,
551 762 649 822 want
670 762 693 822 ik
719 763 783 823 ben
809 763 845 823 zo
869 763 897 823 in
923 766 1010 826 slaap
1039 769 1217 829 gevallen.
1236 767 1264 827 Ik
1290 766 1378 826 slaap
1409 766 1445 826 nu
1476 766 1530 826 tot
1551 763 1729 823 ongeveer
1747 763 1858 823 negen
1885 766 1964 826 uur,
1983 767 2042 827 dan

346 835 434 895 krijg
462 836 490 896 ik
518 836 607 896 mijn
635 837 732 897 Hesje
757 834 793 894 en
824 834 863 894 om
908 836 985 896 half
1005 839 1074 899 tien
1102 837 1185 897 gaan
1217 836 1264 896 we
1292 837 1461 897 allemaal
1484 835 1517 895 op
1548 834 1648 894 stok,
1668 835 1765 895 want
1787 837 1815 897 ik
1843 837 1945 897 maak
1976 837 2045 897 Cor

353 909 376 969 s
395 909 523 969 nachts
544 908 580 968 om
622 906 634 966 t
655 906 720 966 uur
741 907 885 967 wakker
903 909 991 969 voor
1009 909 1094 969 mijn
1120 910 1241 970 laatste
1262 908 1419 968 voeding
1443 909 1479 969 en
1505 909 1541 969 om
1582 909 1660 969 half
1675 909 1729 969 zes
1745 909 1848 969 begin
1874 909 1900 969 ik
1928 909 2049 969 alweer

345 978 376 1038 te
403 980 563 1040 spoken,
585 981 650 1041 dus
672 981 795 1041 slapen
822 981 867 1041 zij
885 981 962 1041 niet
983 982 1020 1042 zo
1046 982 1135 1042 veel.

352 1126 391 1186 27
416 1127 537 1187 maart
557 1124 641 1184 1943

360 1198 590 1258 Vanmiddag
614 1198 676 1258 zijn
701 1198 749 1258 we
771 1198 847 1258 met
866 1198 928 1258 ons
950 1198 1066 1258 drieen
1091 1198 1144 1258 uit
1164 1198 1328 1258 geweest.
1353 1197 1407 1257 We
1426 1197 1572 1257 hadden
1597 1197 1656 1257 een
1681 1198 2051 1258 grammofoonplaat

355 1267 412 1327 die
434 1269 617 1329 gebroken
645 1268 709 1328 was
731 1269 769 1329 en
794 1270 864 1330 nog
888 1268 953 1328 wel
972 1267 1010 1327 de
1032 1268 1140 1328 eerste
1162 1272 1259 1332 plaat
1278 1270 1337 1330 van
1365 1270 1402 1330 de
1427 1270 1438 1330 5
1470 1270 1673 1330 symfonie.
1695 1270 1749 1330 We
1771 1270 1835 1330 zijn
1860 1273 1941 1333 toen
1968 1273 2049 1333 naar

353 1344 393 1404 de
424 1342 504 1402 EC.
532 1342 768 1402 Hooftstraat
795 1342 949 1402 geweest
974 1343 1025 1403 bij
1048 1342 1199 1402 Richter
1224 1342 1261 1402 en
1294 1339 1438 1399 hebben
1468 1342 1546 1402 met
1555 1342 1611 1402 een
1641 1340 1731 1400 twee
1758 1344 1899 1404 nieuwe
1929 1345 2045 1405 platen

348 1413 527 1473 gekocht.
552 1413 606 1473 We
628 1414 693 1474 zijn
721 1413 799 1473 toen
826 1413 908 1473 even
935 1415 1019 1475 gaan
1047 1416 1152 1476 zitten
1180 1413 1215 1473 en
1240 1415 1305 1475 zijn
1332 1413 1422 1473 weer
1444 1414 1542 1474 terug
1566 1413 1800 1473 gewandeld.
1817 1413 1846 1473 Ik
1876 1413 1936 1473 heb
1966 1413 2044 1473 toen

348 1488 422 1548 nog
451 1486 511 1546 een
539 1485 658 1545 uurtje
684 1486 714 1546 in
745 1485 784 1545 de
809 1485 884 1545 tuin
914 1487 995 1547 zoek
1025 1488 1217 1548 gebracht,
1237 1488 1300 1548 heb
1334 1488 1464 1548 daarna
1489 1488 1578 1548 mijn
1606 1487 1703 1547 Hesje
1728 1488 1903 1548 gekregen
1934 1490 1970 1550 en
1998 1492 2045 1552 lag

351 1559 393 1619 om
439 1557 522 1617 even
553 1559 642 1619 voor
664 1560 781 1620 zessen
809 1560 837 1620 in
865 1557 952 1617 bed.

348 1702 384 1762 28
411 1704 535 1764 maart
557 1703 641 1763 1943

348 1772 385 1832 Ik
416 1774 481 1834 ben
513 1775 572 1835 160
607 1775 683 1835 gram
735 1775 1010 1835 aangekomen.
1039 1775 1095 1835 We
1121 1775 1266 1835 hebben
1297 1775 1337 1835 de
1366 1777 1496 1837 dokter
1522 1775 1707 1835 opgebeld
1733 1775 1772 1835 en
1801 1775 1829 1835 ik
1861 1776 1994 1836 mocht
2017 1775 2045 1835 in

346 1846 434 1906 mijn
465 1846 563 1906 Hesje
588 1846 649 1906 een
680 1846 906 1906 afgestreken
937 1849 1090 1909 eetlepel
1113 1849 1271 1909 spinazie
1299 1846 1464 1906 hebben.
1486 1846 1517 1906 Ik
1548 1846 1612 1906 heb
1646 1846 1737 1906 weer
1763 1846 1790 1906 in
1824 1847 1863 1907 de
1891 1847 1963 1907 tuin
1997 1846 2049 1906 ge

350 1921 448 1981 staan
486 1918 523 1978 en
559 1918 710 1978 Plukkie
741 1920 765 1980 is
795 1921 1020 1981 vanmorgen
1058 1921 1093 1981 op
1131 1921 1171 1981 de
1202 1921 1304 1981 divan
1340 1920 1421 1980 heel
1448 1921 1714 1981 vertrouwelijk
1747 1919 1800 1979 bij
1825 1920 1879 1980 me
1912 1921 2044 1981 komen

354 1993 486 2053 zitten.
505 1992 656 2052 Plukkie
681 1991 705 2051 is
727 1992 816 2052 weer
838 1995 1036 2055 gewassen.
1058 1993 1147 2053 Mijn
1174 1996 1434 2056 spinaziemelk
1464 1994 1548 2054 vind
1570 1994 1599 2054 ik
1627 1993 1702 2053 niet
1719 1995 1857 2055 lekker,
1873 1994 1973 2054 maar
1992 1993 2052 2053 het

345 2062 464 2122 speelt
483 2061 568 2121 geen
595 2064 648 2124 rol
669 2064 765 2124 want
784 2066 813 2126 ik
840 2067 943 2127 moet
962 2067 1105 2127 groeien
1132 2067 1169 2127 en
1196 2067 1302 2127 groot
1324 2067 1491 2127 worden.
1510 2067 1539 2127 Ik
1565 2067 1642 2127 lach
1666 2067 1749 2127 toch
1775 2066 1810 2126 zo
1834 2066 1908 2126 liet,
1927 2067 1953 2127 ik
1980 2067 2044 2127 ben

355 2132 510 2192 gewoon
545 2133 603 2193 een
638 2133 703 2193 dot
728 2133 767 2193 en
796 2134 883 2194 mijn
915 2134 1074 2194 haartjes
1098 2136 1282 2196 beginnen
1317 2133 1380 2193 ook
1412 2134 1449 2194 zo
1478 2133 1626 2193 heerlijk
1658 2133 1687 2193 te
1716 2133 1880 2193 groeien.
1907 2133 1983 2193 Cor
2010 2133 2044 2193 en

356 2203 471 2263 Greet
494 2204 557 2264 zijn
587 2205 643 2265 me
671 2205 706 2265 om
754 2205 905 2265 beurten
936 2205 993 2265 aan
1021 2205 1084 2265 het
1105 2205 1293 2265 schuieren
1324 2205 1558 2265 (borstelen),
1584 2204 1644 2264 dan
1674 2202 1767 2262 weer
1790 2202 1848 2262 een
1876 2202 1987 2262 kuitje
2012 2203 2047 2263 en

347 2273 413 2333 dan
443 2273 534 2333 weer
557 2275 739 2335 helemaal
759 2276 843 2336 naar
865 2276 902 2336 de
927 2276 1082 2336 hoogte.
1102 2276 1208 2336 Soms
1231 2276 1255 2336 is
1275 2275 1339 2335 het
1359 2273 1418 2333 een
1446 2273 1564 2333 ramp,
1584 2275 1682 2335 want
1702 2275 1737 2335 et
1757 2275 1801 2335 zit
1821 2276 1887 2336 nog
1917 2276 1993 2336 hiet
2013 2276 2045 2336 zo

350 2345 432 2405 veel
454 2347 512 2407 op.
534 2345 608 2405 Het
630 2347 654 2407 is
675 2348 715 2408 nu
747 2348 859 2408 negen
888 2348 955 2408 uur
977 2348 1014 2408 en
1040 2351 1069 2411 ik
1096 2351 1133 2411 ga
1158 2348 1243 2408 naar
1265 2348 1349 2408 mijn
1376 2346 1499 2406 bedje.

352 2490 391 2550 29
415 2491 536 2551 maart
558 2491 639 2551 1943

352 2559 431 2619 Het
453 2558 520 2618 was
545 2560 604 2620 een
632 2564 884 2624 eigenaardige
911 2563 1050 2623 drukke
1077 2563 1137 2623 dag
1167 2564 1343 2624 vandaag.
1367 2563 1443 2623 Het
1462 2561 1601 2621 restant
1623 2561 1682 2621 van
1712 2560 1764 2620 die
1805 2562 1945 2622 nieuwe
1970 2564 2054 2624 goe-

347 2636 458 2696 deren
484 2635 605 2695 moest
626 2636 805 2696 ingepakt
828 2637 995 2697 worden.
1016 2635 1155 2695 Lientje
1180 2635 1238 2695 van
1269 2635 1309 2695 de
1335 2635 1512 2695 overkant
1532 2635 1631 2695 kwam
1677 2635 1745 2695 nog
1775 2635 1876 2695 even,
1897 2635 1998 2695 maar
2019 2635 2049 2695 ze

356 2709 480 2769 moest
502 2708 581 2768 vlug
611 2709 700 2769 weer
722 2709 810 2769 weg,
835 2709 932 2769 want
954 2709 1013 2769 wij
1033 2709 1178 2769 hadden
1209 2709 1292 2769 geen
1320 2709 1387 2769 tijd
1409 2708 1498 2768 voor
1520 2708 1617 2768 haar.
1636 2707 1687 2767 Nu
1723 2709 1747 2769 is
1772 2709 1852 2769 alles
1874 2709 1982 2769 rustig
2012 2710 2044 2770 en

344 2781 392 2841 lig
422 2781 447 2841 ik
477 2784 509 2844 in
535 2786 628 2846 mijn
658 2784 784 2844 bedje.

351 2933 388 2993 30
415 2930 536 2990 maart
556 2930 639 2990 1943

361 3001 528 3061 Vandaag
554 3002 618 3062 zijn
644 3000 692 3060 we
716 2999 808 3059 weer
827 3001 911 3061 naar
933 2999 969 3059 de
993 3000 1178 3060 fotograaf
1200 2999 1353 3059 geweest
1371 2999 1408 3059 en
1435 2999 1498 3059 hen
1525 2999 1551 3059 ik
1580 2999 1670 3059 weer
1691 2999 1765 3059 met
1787 3000 1897 3060 Greet
1916 3002 1953 3062 en
1980 3000 2067 3060 Cor

343 3076 664 3136 gefotografeerd,
685 3073 751 3133 ook
779 3073 844 3133 ben
872 3073 902 3133 ik
929 3073 1040 3133 alleen
1067 3073 1383 3133 gefotograteerd.
