2479 3508
448 336 527 396 Het
550 336 575 396 is
598 338 840 398 stormachtig
871 336 908 396 op
940 336 1005 396 het
1025 337 1218 397 ogenblik.
1238 339 1269 399 lk
1301 339 1388 399 krijg
1417 338 1505 398 mijn
1534 336 1693 396 voeding
1724 339 1761 399 om
1807 339 1920 399 negen
1952 339 2034 399 uut,
2054 340 2150 400 want

448 405 564 465 Greet
589 407 627 467 en
658 407 736 467 Cor
761 409 844 469 gaan
875 407 980 467 vroeg
1008 407 1093 467 naar
1116 407 1204 467 bed.
1229 409 1276 469 Ze
1302 407 1448 467 hebben
1476 407 1553 467 hier
1579 409 1617 469 de
1645 408 1723 468 hele
1751 407 1870 467 vorige
1898 408 2011 468 nacht
2036 409 2072 469 op
2108 411 2144 471 de

457 481 651 541 Commies
674 479 889 539 geschoten.

454 551 601 611 Terwijl
622 551 651 611 ik
683 551 781 611 werd
805 551 946 611 gevoed
973 554 1196 614 vanmorgen
1228 554 1326 614 kwam
1376 554 1529 614 Plukkie
1558 553 1622 613 ook
1654 553 1709 613 bij
1732 554 1799 614 ons
1822 554 1952 614 zitten.
1976 554 2042 614 Hij
2066 559 2144 619 ging

441 622 565 682 tussen
594 622 705 682 Greet
729 623 765 683 en
794 625 859 685 mij
882 624 910 684 in
942 624 981 684 op
1015 624 1051 684 de
1080 625 1180 685 divan
1209 625 1318 685 zitten
1347 625 1386 685 en
1412 622 1528 682 begon
1562 623 1619 683 van
1651 624 1765 684 genot
1788 624 1817 684 te
1840 623 2019 683 spinnen.
2043 625 2146 685 Lante

447 697 610 757 Maartje
633 694 732 754 heeft
755 696 810 756 me
835 699 1018 759 helemaal
1038 697 1145 757 naakt
1168 694 1243 754 vast
1262 698 1478 758 gehouden.
1498 697 1531 757 Ik
1559 697 1623 757 heb
1654 697 1711 757 een
1740 697 1883 757 heerlijk
1914 696 2086 756 aanvallig
2111 696 2149 756 li¬

441 769 640 829 chaampje
664 768 699 828 en
727 768 814 828 mijn
841 769 925 829 haar
947 769 971 829 is
991 769 1075 829 heel
1091 769 1303 829 lichtblond
1325 769 1426 829 tegen
1453 771 1515 831 het
1535 769 1665 829 rossige
1692 770 1771 830 aan.
1790 769 1820 829 Ik
1847 769 1948 829 maak
1975 769 2059 829 heel
2079 770 2149 830 veel

451 840 632 900 geluidjes
652 840 742 900 zoals
765 840 864 900 ghrrr
887 842 921 902 of
941 840 1000 900 ne,
1017 841 1079 901 dat
1097 843 1162 903 kan
1187 843 1215 903 ik
1244 843 1306 903 ook
1335 842 1417 902 heel
1434 841 1524 901 goed
1547 843 1697 903 zeggen.
1717 843 1793 903 Dan
1822 843 1884 903 kan
1913 841 1938 901 ik
1967 840 2080 900 boren
2108 840 2142 900 en

442 912 514 972 hen
542 912 636 972 zien.
659 912 750 972 Mijn
778 915 923 975 donzen
951 916 1121 976 dekentje
1149 915 1240 975 (Oor
1263 915 1393 975 noemt
1416 913 1477 973 het
1496 914 1597 974 altijd
1622 915 1680 975 een
1711 914 1819 974 quilt,
1839 913 1897 973 wij
1920 914 2061 974 hebben
2092 915 2150 975 dat

445 984 659 1044 eigenwijze
684 984 811 1044 woord
833 984 863 1044 al
882 986 1174 1046 overgenomen)
1196 987 1267 1047 trap
1294 987 1321 1047 ik
1348 987 1448 1047 altijd
1473 987 1530 1047 van
1557 987 1611 1047 me
1638 988 1681 1048 af.
1701 987 1730 1047 Ik
1758 986 1836 1046 mag
1861 984 1953 1044 weer
1972 985 2037 1045 zelt
2059 984 2140 1044 mijn

447 1058 545 1118 Hesje
571 1058 744 1118 drinken,
762 1058 824 1118 ook
853 1058 930 1118 mag
957 1058 982 1118 ik
1008 1058 1249 1118 vruchtensap
1277 1058 1443 1118 hebben,
1459 1058 1559 1118 maar
1577 1058 1756 1118 vruchten
1779 1060 1844 1120 zijn
1870 1058 1903 1118 er
1922 1058 2012 1118 niet.
2030 1058 2146 1118 ledere

449 1133 515 1193 dag
539 1133 629 1193 krijg
656 1133 683 1193 ik
710 1132 770 1192 een
800 1133 959 1193 druppel
980 1133 1232 1193 Davitamon.

439 1276 477 1336 31
501 1277 623 1337 maart
647 1276 730 1336 1943

452 1347 621 1407 Vandaag
649 1348 715 1408 zijn
743 1346 782 1406 de
804 1346 906 1406 foto's
929 1348 1130 1408 gekomen.
1156 1347 1211 1407 We
1236 1345 1380 1405 hebben
1408 1347 1466 1407 een
1491 1348 1663 1408 heleboel
1685 1345 1870 1405 afdrukjes
1890 1347 2031 1407 besteld
2053 1345 2089 1405 en
2117 1345 2150 1405 er

445 1417 585 1477 komen
615 1419 646 1479 er
668 1416 731 1476 ook
760 1417 789 1477 in
816 1419 903 1479 mijn
933 1419 1118 1479 dagboek.
1137 1416 1285 1476 Dokter
1304 1416 1327 1476 is
1349 1416 1505 1476 geweest
1527 1418 1683 1478 vandaag
1712 1419 1749 1479 en
1776 1421 1821 1481 zij
1840 1418 1863 1478 is
1885 1416 1935 1476 erg
1964 1416 2149 1476 tevreden.

439 1490 473 1550 lk
507 1488 595 1548 krijg
630 1488 689 1548 een
721 1491 820 1551 halve
852 1491 946 1551 lepel
972 1491 1208 1551 kindermeel
1231 1490 1334 1550 meer
1357 1488 1388 1548 in
1423 1488 1511 1548 mijn
1542 1490 1676 1550 Hesjes,
1705 1491 1767 1551 ook
1802 1491 1890 1551 krijg
1922 1491 1950 1551 ik
1984 1494 2141 1554 vandaag

445 1561 543 1621 weer
562 1565 741 1625 spinazie.
761 1560 790 1620 Ik
821 1561 883 1621 heb
916 1563 975 1623 een
1000 1563 1147 1623 heerlijk
1177 1563 1340 1623 gezonde
1365 1563 1473 1623 huid,
1490 1563 1694 1623 lichtbruin
1724 1563 1761 1623 en
1786 1563 1895 1623 rossig
1922 1563 1960 1623 en
1988 1565 2153 1625 allemaal

446 1634 652 1694 kringetjes
675 1634 756 1694 over
779 1634 867 1694 mijn
895 1637 1039 1697 huidje.

442 1781 457 1841 1
481 1782 578 1842 april
596 1781 678 1841 1943

442 1852 487 1912 Er
507 1852 533 1912 is
553 1852 629 1912 niet
650 1852 723 1912 veel
743 1852 902 1912 gebeurd
926 1855 1082 1915 vandaag
1108 1853 1139 1913 in
1165 1852 1250 1912 mijn
1278 1852 1449 1912 leventje,
1469 1852 1549 1912 alles
1572 1854 1651 1914 gaat
1669 1855 1702 1915 zo
1728 1855 1793 1915 zijn
1819 1852 2004 1912 gangetje.
2024 1854 2141 1914 Alleen

438 1918 466 1978 is
490 1920 570 1980 alles
594 1921 643 1981 erg
672 1921 835 1981 droevig.
853 1921 1053 1981 Rotterdam
1094 1921 1120 1981 is
1141 1921 1231 1981 weer
1250 1921 1315 1981 het
1331 1921 1418 1981 kind
1445 1921 1504 1981 van
1533 1921 1569 1981 de
1592 1921 1766 1981 rekening
1792 1918 1960 1978 geweest.
1982 1919 2049 1979 Een
2077 1918 2147 1978 ver-

441 1990 552 2050 keerd
576 1993 770 2053 geplaatste
794 1990 860 2050 bom
903 1991 1003 2051 heeft
1022 1990 1104 2050 heel
1123 1990 1189 2050 wat
1211 1993 1441 2053 slachtoffers
1460 1993 1645 2053 gemaakt.
1664 1990 1720 2050 Iso
1749 1991 1868 2051 doden
1895 1990 1932 2050 en
1959 1992 2057 2052 meer
2078 1991 2139 2051 dan

444 2061 513 2121 400
542 2061 768 2121 gewonden.
790 2061 941 2121 Menige
966 2061 1074 2121 zucht
1099 2061 1179 2121 over
1197 2061 1269 2121 zon
1301 2063 1429 2123 wereld
1453 2064 1554 2124 stijgt
1573 2064 1626 2124 ten
1653 2061 1791 2121 hemel.

441 2205 455 2265 2
482 2203 577 2263 april
598 2205 681 2265 1943

451 2272 620 2332 Vandaag
651 2274 714 2334 zijn
745 2274 858 2334 Greet
881 2275 919 2335 en
950 2275 1027 2335 Cor
1053 2276 1091 2336 op
1122 2278 1188 2338 reis
1213 2276 1382 2336 geweest.
1404 2276 1482 2336 Cor
1507 2276 1593 2336 naar
1618 2276 1695 2336 Den
1729 2278 1828 2338 slaag
1859 2276 1897 2336 en
1928 2279 2039 2339 Greet
2064 2277 2144 2337 naar

439 2346 692 2406 Heemstede.
712 2346 863 2406 Connie
889 2347 988 2407 heeft
1014 2347 1048 2407 op
1079 2348 1144 2408 mij
1167 2348 1304 2408 gepast.
1327 2348 1358 2408 Ik
1387 2348 1449 2408 heb
1480 2348 1571 2408 weer
1594 2348 1753 2408 spinazie
1776 2348 1807 2408 in
1836 2348 1924 2408 mijn
1953 2348 2066 2408 Hesjes
2089 2346 2137 2406 ge¬

446 2420 599 2480 kregen.
624 2420 678 2480 We
701 2420 845 2480 hebben
871 2422 1038 2482 gelukkig
1064 2420 1120 2480 een
1146 2422 1239 2482 Hesje
1265 2421 1492 2481 tomatensap
1523 2422 1560 2482 en
1586 2423 1696 2483 Greet
1716 2421 1815 2481 heeft
1835 2421 1891 2481 een
1917 2423 2144 2483 sinaasappel

443 2493 503 2553 uit
523 2494 750 2554 Heemstede
773 2494 1050 2554 meegebracht,
1072 2494 1166 2554 want
1189 2494 1222 2554 er
1241 2492 1266 2552 is
1288 2491 1371 2551 geen
1397 2492 1485 2552 fruit
1507 2494 1535 2554 te
1557 2494 1715 2554 krijgen.
1738 2494 1829 2554 Alles
1848 2494 1956 2554 loopt
1976 2494 2028 2554 uit
2048 2496 2075 2556 in
2106 2497 2142 2557 de

442 2569 522 2629 tuin
554 2567 590 2627 en
620 2566 657 2626 er
678 2566 702 2626 is
728 2566 834 2626 alleen
866 2566 924 2626 een
953 2566 1075 2626 koude
1104 2566 1218 2626 wind.
1242 2566 1316 2626 Het
1337 2566 1363 2626 is
1385 2566 1490 2626 zeven
1520 2566 1588 2626 uur
1612 2567 1649 2627 en
1679 2568 1705 2628 ik
1734 2569 1821 2629 krijg
1853 2568 1887 2628 om
1935 2569 2049 2629 negen
2081 2570 2144 2630 uur

446 2641 537 2701 mijn
566 2638 692 2698 laatste
718 2641 832 2701 flesje.

442 2787 457 2847 3
483 2786 577 2846 april
598 2786 679 2846 1943

445 2855 620 2915 Laterdag
649 2855 672 2915 is
695 2857 791 2917 altijd
817 2855 873 2915 een
899 2855 1052 2915 prettige
1078 2858 1157 2918 dag,
1178 2857 1203 2917 je
1226 2855 1317 2915 staat
1337 2855 1411 2915 niet
1431 2855 1465 2915 zo
1490 2855 1541 2915 erg
1570 2855 1672 2915 vroeg
1701 2858 1760 2918 op.
1777 2858 1805 2918 Je
1828 2855 1930 2915 zorgt
1951 2858 2030 2918 toch
2059 2856 2143 2916 weer

439 2925 545 2985 vroeg
572 2927 648 2987 met
668 2927 727 2987 het
746 2927 833 2987 werk
860 2929 958 2989 klaar
977 2927 1007 2987 te
1029 2929 1094 2989 zijn
1119 2930 1156 2990 en
1181 2929 1208 2989 je
1230 2927 1319 2987 hebt
1339 2930 1409 2990 zon
1436 2930 1607 2990 heerlijke
1632 2931 1691 2991 dag
1722 2931 1757 2991 om
1803 2930 1993 2990 zorgeloos
2012 2931 2039 2991 te
2064 2931 2126 2991 zijn

431 3001 466 3061 Ik
493 2999 556 3059 heb
586 2999 623 3059 de
645 3001 722 3061 hele
746 3002 804 3062 dag
831 3000 921 3060 weer
940 3000 969 3060 in
996 3000 1033 3060 de
1055 3001 1129 3061 tuin
1156 2999 1318 3059 gestaan,
1337 3002 1436 3062 maar
1457 3002 1494 3062 om
1537 3001 1609 3061 vier
1628 3000 1694 3060 uut
1713 3002 1830 3062 begon
1857 3002 1910 3062 me
1937 3002 1995 3062 dat
2011 3002 2126 3062 plotse

436 3075 513 3135 ling
540 3073 569 3133 te
596 3073 755 3133 vervelen
784 3073 821 3133 en
848 3076 930 3136 toen
957 3076 1020 3136 ben
1050 3076 1079 3136 ik
1105 3076 1206 3136 maar
1228 3076 1310 3136 gaan
1339 3076 1482 3136 huilen,
1501 3078 1530 3138 ja
1554 3076 1580 3136 ik
1607 3076 1689 3136 huil
1708 3076 1785 3136 niet
1806 3076 1955 3136 gewoon
1987 3077 2098 3137 meer,
2117 3076 2141 3136 ik
