2479 3508
443 628 480 688 18
505 630 601 690 april
620 628 703 688 1943

443 702 478 762 lk
508 700 573 760 ben
606 700 665 760 170
695 703 771 763 gram
823 701 1097 761 aangekomen.
1128 702 1182 762 We
1209 703 1274 763 zijn
1307 704 1464 764 vandaag
1494 705 1581 765 naar
1603 703 1701 763 tante
1731 703 1866 763 Henny
1897 703 1932 763 en
1965 703 2029 763 oom
2081 705 2138 765 sep

448 772 620 832 geweest.
638 772 715 832 Het
734 772 802 832 was
824 772 882 832 een
909 772 982 832 hele
1007 775 1213 835 wandeling
1240 775 1276 835 en
1301 775 1412 835 Greet
1430 776 1502 836 had
1526 775 1584 835 een
1608 775 1721 835 beetje
1746 775 1809 835 last
1830 775 1888 835 van
1915 775 2000 835 haar
2021 775 2151 835 astma.

454 840 514 900 We
540 843 683 903 hebben
706 843 853 903 heerlijk
881 844 930 904 bij
950 844 1044 904 tante
1069 845 1205 905 Henny
1230 846 1260 906 in
1288 846 1327 906 de
1349 846 1421 906 tuin
1452 846 1615 906 gezeten.
1638 846 1734 906 Oma
1759 846 1826 906 was
1848 846 1892 906 er,
1912 847 1976 907 oom
2023 846 2147 906 Engel¬

442 915 545 975 tante
571 915 634 975 le,
651 916 745 976 Niek
777 918 814 978 en
843 918 971 978 Matti.

451 987 509 1047 Om
555 990 619 1050 vijf
639 988 706 1048 uur
729 989 859 1049 gingen
889 990 935 1050 we
962 990 1080 1050 terug.
1101 990 1214 1050 Greet
1234 990 1260 1050 is
1280 990 1332 1050 bij
1356 990 1393 1050 de
1420 990 1663 1050 Berlagebrug
1693 991 1730 1051 op
1762 990 1799 1050 de
1826 991 1895 1051 tram
1942 991 2084 1051 gestapt
2107 991 2141 1051 en

446 1059 526 1119 Cor
551 1061 576 1121 is
601 1061 676 1121 met
701 1064 756 1124 me
784 1062 867 1122 naar
893 1061 973 1121 huis
998 1061 1173 1121 gereden,
1195 1061 1275 1121 toen
1306 1061 1400 1121 werd
1426 1061 1453 1121 ik
1484 1061 1711 1121 uitgekleed,
1734 1061 1836 1121 kreeg
1865 1062 1953 1122 mijn
1981 1061 2078 1121 Hesje
2106 1061 2142 1121 en

449 1133 538 1193 naar
558 1133 644 1193 bed.
666 1133 717 1193 Nu
747 1134 833 1194 slaap
864 1133 890 1193 ik
918 1135 1085 1195 heerlijk,
1104 1133 1202 1193 want
1221 1135 1248 1195 ik
1278 1133 1345 1193 was
1367 1133 1432 1193 wel
1454 1133 1510 1193 een
1535 1133 1651 1193 beetje
1676 1135 1729 1195 uit
1746 1135 1832 1195 mijn
1862 1134 2011 1194 gewone
2038 1136 2149 1196 doen.

446 1206 478 1266 Ik
508 1206 569 1266 heb
601 1207 759 1267 vandaag
789 1207 847 1267 een
877 1207 982 1267 plasje
1008 1207 1046 1267 op
1078 1207 1116 1267 de
1140 1206 1181 1266 po
1210 1208 1365 1268 gedaan.

446 1354 482 1414 19
509 1354 604 1414 april
622 1354 702 1414 1943

452 1422 653 1482 Vanavond
677 1423 746 1483 was
765 1422 828 1482 het
844 1425 1003 1485 tamelijk
1030 1425 1104 1485 fris,
1120 1425 1233 1485 nadat
1252 1422 1313 1482 het
1332 1425 1487 1485 vandaag
1517 1425 1580 1485 ook
1607 1425 1718 1485 nogal
1737 1425 1869 1485 triestig
1893 1425 1959 1485 was
1983 1425 2147 1485 geweest,

447 1495 515 1555 het
532 1496 605 1556 had
627 1494 809 1554 geregend
834 1497 869 1557 en
896 1497 934 1557 de
959 1497 1021 1557 zon
1046 1497 1108 1557 liet
1133 1497 1168 1557 op
1199 1496 1272 1556 zich
1299 1497 1481 1557 wachten.

452 1563 511 1623 We
539 1566 684 1626 hebben
712 1566 804 1626 weer
826 1568 1056 1628 geprobeerd
1080 1568 1115 1628 of
1137 1569 1164 1629 ik
1197 1569 1254 1629 een
1284 1569 1392 1629 plasje
1419 1569 1522 1629 wilde
1549 1568 1663 1628 doen,
1685 1569 1784 1629 maar
1806 1568 1833 1628 ik
1864 1568 2047 1628 beschouw
2088 1569 2145 1629 zo-

442 1639 511 1699 iets
535 1637 580 1697 als
601 1637 662 1697 een
689 1638 853 1698 attractie
877 1640 914 1700 en
941 1637 1025 1697 deed
1055 1637 1115 1697 het
1137 1639 1203 1699 dus
1224 1640 1418 1700 vanavond
1442 1640 1532 1700 niet.
1553 1640 1582 1700 Ik
1612 1640 1672 1700 heb
1707 1640 1722 1700 's
1744 1640 1916 1700 middags
1938 1640 2006 1700 wat
2025 1643 2141 1703 liggen

447 1712 635 1772 iengelen.
660 1710 690 1770 Ik
724 1711 834 1771 stond
865 1709 1031 1769 vanwege
1062 1712 1100 1772 de
1131 1710 1233 1770 regen
1267 1711 1383 1771 onder
1411 1709 1450 1769 de
1481 1712 1668 1772 waranda.
1694 1712 1749 1772 Om
1797 1709 1863 1769 vijf
1888 1712 1954 1772 uur
1979 1713 2081 1773 kreeg
2112 1715 2140 1775 ik

445 1784 675 1844 tomatensap
711 1782 749 1842 en
779 1783 816 1843 om
860 1783 938 1843 halt
960 1783 1011 1843 zes
1033 1784 1120 1844 mijn
1150 1784 1263 1844 Hesje,
1286 1784 1415 1844 daarna
1440 1785 1526 1845 naar
1548 1784 1635 1844 bed,
1657 1786 1722 1846 ook
1752 1786 1822 1846 nog
1849 1786 1919 1846 wat
1941 1787 2147 1847 gejengeld,

446 1855 549 1915 maar
572 1855 596 1915 ik
625 1855 689 1915 ben
717 1855 871 1915 spoedig
896 1858 924 1918 in
952 1857 1041 1917 slaap
1072 1857 1251 1917 gevallen.

435 1999 475 2059 20
504 1999 599 2059 april
620 1998 703 2058 1943

453 2067 619 2127 Vandaag
645 2067 670 2127 is
691 2067 815 2127 Hitler
832 2069 914 2129 jarig
940 2070 977 2130 en
1002 2069 1081 2129 hier
1102 2067 1138 2127 en
1167 2069 1249 2129 daar
1269 2069 1410 2129 hangen
1439 2070 1541 2130 enige
1561 2070 1807 2130 hakenkruis-
1830 2067 1864 2127 of
1884 2070 2147 2130 Nop-vlaggen.

451 2139 683 2199 Vanmorgen
717 2137 859 2197 werden
890 2139 939 2199 we
970 2138 1208 2198 opgeschrikt
1236 2139 1275 2199 om
1324 2139 1440 2199 kwart
1469 2139 1548 2199 over
1575 2141 1673 2201 acht.
1699 2140 1781 2200 Met
1805 2140 1871 2200 zijn
1905 2139 2024 2199 drieen
2058 2138 2119 2198 heb

441 2208 510 2268 ben
542 2208 590 2268 we
617 2211 743 2271 lekker
769 2210 859 2270 door
886 2210 1071 2270 geslapen,
1098 2211 1162 2271 dus
1188 2211 1302 2271 waren
1333 2211 1392 2271 wij
1416 2211 1488 2271 min
1519 2211 1558 2271 of
1581 2211 1679 2271 meer
1703 2211 1788 2271 laat.
1814 2211 1901 2271 Loen
1935 2211 2031 2271 kwam
2083 2211 2139 2271 Rie

441 2279 658 2339 Bohemen,
682 2281 767 2341 haar
794 2279 873 2339 man
907 2281 1021 2341 werkt
1045 2282 1099 2342 bij
1123 2282 1161 2342 de
1193 2282 1320 2342 Joodse
1349 2282 1468 2342 Raad.
1494 2282 1551 2342 Zij
1574 2282 1673 2342 kwam
1725 2282 1789 2342 ons
1818 2282 1986 2342 vertellen
2020 2282 2080 2342 dat
2106 2282 2139 2342 de

435 2354 593 2414 f'liassen
624 2353 786 2413 vandaag
817 2354 872 2414 uit
901 2353 1020 2413 Vught
1046 2354 1188 2414 zouden
1219 2357 1377 2417 komen.
1403 2355 1478 2415 Oor
1503 2354 1603 2414 heeft
1629 2356 1704 2416 zich
1735 2355 1816 2415 toen
1849 2354 2072 2414 aangekleed
2100 2354 2136 2414 en

439 2426 544 2486 heeft
567 2426 650 2486 haar
674 2426 830 2486 moeder
853 2426 891 2486 en
921 2426 1055 2486 diverse
1081 2429 1278 2489 kennissen
1308 2429 1518 2489 opgezocht
1541 2429 1579 2489 om
1627 2428 1693 2488 hen
1723 2428 1870 2488 hiervan
1900 2429 1928 2489 in
1959 2429 2090 2489 kennis
2115 2426 2140 2486 te

434 2497 583 2557 stellen.
602 2500 649 2560 Le
674 2500 697 2560 is
719 2500 804 2560 naar
826 2498 889 2558 het
905 2502 1059 2562 station,
1081 2500 1121 2560 de
1148 2501 1275 2561 Joodse
1300 2503 1547 2563 schouwburg
1574 2502 1611 2562 en
1638 2500 1720 2560 alles
1742 2501 1912 2561 geweest,
1934 2503 2032 2563 maar
2053 2500 2141 2560 niets

440 2572 470 2632 te
498 2572 592 2632 zien.
617 2572 717 2632 Onze
743 2573 817 2633 hele
845 2575 907 2635 dag
937 2575 1004 2635 was
1026 2575 1299 2635 gederangeerd
1324 2575 1368 2635 (in
1399 2575 1438 2635 de
1466 2575 1535 2635 war
1558 2576 1766 2636 gebracht).
1789 2575 1899 2635 Greet
1922 2575 2041 2635 moest
2064 2575 2141 2635 alles

434 2644 548 2704 alleen
580 2645 694 2705 doen,
716 2643 785 2703 mij
809 2646 1001 2706 verzorgen
1030 2647 1113 2707 enz.
1137 2649 1174 2709 en
1203 2649 1259 2709 tot
1283 2649 1472 2709 overmaat
1499 2646 1557 2706 van
1589 2648 1685 2708 ramp
1717 2649 1781 2709 liep
1816 2646 1970 2706 llukkie
1997 2646 2079 2706 over
2106 2646 2143 2706 de

435 2718 627 2778 schutting
652 2720 743 2780 weg.
763 2719 838 2779 Dat
855 2721 925 2781 was
944 2721 1000 2781 me
1025 2721 1083 2781 een
1109 2721 1239 2781 gedoe,
1259 2724 1351 2784 enfin
1382 2721 1549 2781 eindelijk
1577 2723 1649 2783 had
1669 2723 1702 2783 ze
1724 2722 1788 2782 hem
1830 2723 1966 2783 gepakt
1986 2722 2022 2782 en
2048 2721 2142 2781 werd

441 2793 497 2853 hij
518 2793 609 2853 weer
630 2793 707 2853 met
729 2793 787 2853 een
814 2793 965 2853 touwtje
990 2794 1027 2854 en
1053 2795 1234 2855 halsband
1259 2795 1453 2855 weggezet.

439 2861 521 2921 Het
544 2862 612 2922 was
635 2866 794 2926 vandaag
823 2866 947 2926 lekker
967 2867 1121 2927 zonnig.
1141 2867 1172 2927 Ik
1203 2867 1265 2927 heb
1297 2867 1325 2927 in
1357 2867 1396 2927 de
1419 2867 1496 2927 tuin
1525 2868 1612 2928 mijn
1641 2867 1737 2927 Hesje
1760 2867 1831 2927 leeg
1860 2867 2072 2927 gedronken
2104 2867 2138 2927 en

440 2936 506 2996 een
531 2936 667 2996 schone
689 2936 781 2996 huier
803 2939 1069 2999 aangekregen.
1089 2939 1119 2999 Ik
1147 2940 1194 3000 zie
1216 2939 1399 2999 helemaal
1419 2939 1543 2999 bruin,
1563 2940 1627 3000 ook
1658 2941 1743 3001 mijn
1771 2940 1929 3000 pootjes.
1952 2941 2026 3001 Oor
2046 2940 2146 3000 heeft

440 3011 520 3071 met
542 3009 595 3069 me
620 3010 783 3070 gestoeid
809 3011 844 3071 op
875 3011 914 3071 de
939 3011 1064 3071 divan.
1084 3012 1161 3072 Dan
1189 3014 1269 3074 mag
1295 3013 1322 3073 ik
1347 3011 1463 3071 boven
1494 3014 1530 3074 op
1558 3014 1644 3074 haar
1664 3014 1780 3074 liggen
1808 3014 1847 3074 en
1875 3014 1935 3074 dan
1963 3014 2082 3074 spring
2111 3012 2138 3072 ik

443 3079 487 3139 en
516 3082 586 3142 bijt
609 3082 659 3142 ik.
