2479 3508
348 327 386 387 29
412 328 508 388 april
528 327 613 387 1943

351 398 589 458 Vanmorgen
620 395 714 455 werd
742 395 775 455 er
801 396 1089 456 getelefoneerd.
1114 398 1189 458 Ann
1223 398 1334 458 Mello
1364 398 1450 458 haar
1473 398 1581 458 broer
1606 398 1675 458 was
1701 399 1953 459 weggehaald.
1975 401 2045 461 Een

354 469 557 529 jodenman
592 468 644 528 uit
668 469 735 529 zijn
764 469 846 529 huis
872 469 1025 529 gehaald
1052 470 1092 530 en
1121 470 1190 530 nog
1222 469 1287 529 wel
1309 469 1362 529 bij
1386 470 1446 530 een
1476 470 1608 530 zuster,
1629 470 1682 530 die
1711 471 1788 531 met
1815 471 1872 531 een
1905 473 2044 533 Italiaan

351 539 556 599 getrouwd
582 541 621 601 is.

361 610 421 670 We
448 610 513 670 zijn
545 612 770 672 vanmorgen
800 614 886 674 naar
914 614 995 674 Opa
1025 615 1063 675 en
1096 613 1193 673 Oma
1223 616 1426 676 Hennekam
1477 612 1645 672 geweest.
1670 613 1740 673 Die
1767 616 1881 676 waren
1914 616 1954 676 40
1984 614 2051 674 jaar

353 685 564 745 getrouwd.
586 682 694 742 Greet
716 682 740 742 is
760 684 836 744 met
858 685 895 745 de
920 686 988 746 tram
1034 690 1164 750 gegaan
1194 688 1229 748 om
1276 688 1357 748 even
1387 688 1425 748 de
1447 688 1568 748 tavage
1593 688 1653 748 van
1680 688 1742 748 het
1761 688 1910 748 Carlton
1940 688 2054 748 Hotel

350 759 383 819 in
412 757 652 817 ogenschouw
694 757 722 817 te
751 758 904 818 nemen.
927 760 1002 820 Het
1026 760 1051 820 is
1075 760 1254 820 werkelijk
1285 762 1520 822 ontzettend,
1544 760 1663 820 overal
1687 762 1715 822 in
1746 761 1787 821 de
1813 760 1953 820 omtrek
1982 761 2046 821 zijn

355 830 398 890 de
425 828 542 888 ruiten
572 829 672 889 stuk.
691 831 769 891 Het
791 831 942 891 Carlton
973 833 1091 893 Hotel
1113 834 1138 894 is
1162 834 1343 894 helemaal
1365 834 1587 894 uitgebrand
1615 833 1652 893 en
1682 832 1771 892 onze
1796 834 2048 894 Nederlandse

355 903 512 963 Handel
535 905 814 965 Maatschappij
837 906 862 966 is
887 906 917 966 in
948 908 1064 968 beslag
1095 906 1278 966 genomen
1311 906 1350 966 om
1400 907 1483 967 daar
1509 906 1591 966 alles
1614 905 1644 965 in
1678 904 1794 964 onder
1819 903 1847 963 te
1875 906 2052 966 brengen.

356 974 494 1034 Overal
514 975 579 1035 ligt
600 975 707 1035 puin.
730 979 784 1039 Op
813 979 875 1039 het
895 978 1164 1038 Koningsplein
1193 978 1374 1038 gekomen
1400 978 1499 1038 kwam
1548 976 1584 1036 de
1610 975 1740 1035 Duitse
1763 976 1908 1036 Marine
1934 978 1968 1038 er
1991 978 2047 1038 aan

346 1046 426 1106 met
445 1046 670 1106 gasmaskers
694 1048 730 1108 op
759 1048 798 1108 en
824 1049 925 1109 lange
949 1047 1088 1107 slurven
1115 1049 1153 1109 en
1177 1049 1260 1109 toch
1286 1049 1424 1109 zongen
1450 1049 1502 1109 ze.
1520 1048 1686 1108 Ledereen
1713 1047 1795 1107 keek
1824 1047 1858 1107 er
1876 1047 1975 1107 naar.
1998 1047 2060 1107 We¬

353 1118 419 1178 zijn
447 1118 632 1178 helemaal
652 1120 749 1180 terug
777 1121 860 1181 gaan
888 1121 1018 1181 lopen.
1038 1119 1116 1179 Het
1136 1119 1202 1179 was
1227 1121 1285 1181 een
1313 1118 1485 1178 heerlijke
1510 1120 1738 1180 wandeling.
1758 1121 1902 1181 Daarna
1927 1121 1990 1181 heb
2021 1119 2046 1179 ik

357 1188 451 1248 weer
470 1190 595 1250 lekker
614 1190 646 1250 in
674 1190 714 1250 de
739 1192 811 1252 tuin
839 1191 1004 1251 geslapen
1034 1192 1072 1252 en
1096 1190 1177 1250 toen
1205 1190 1232 1250 ik
1262 1190 1299 1250 om
1346 1190 1397 1250 zes
1419 1190 1486 1250 uur
1508 1191 1538 1251 in
1565 1193 1652 1253 mijn
1679 1193 1785 1253 bedje
1809 1194 1909 1254 ging,
1928 1193 1993 1253 ben
2020 1194 2047 1254 ik

352 1261 449 1321 weer
471 1263 506 1323 zo
531 1264 560 1324 in
590 1264 679 1324 slaap
712 1264 890 1324 gevallen.

351 1412 388 1472 30
416 1407 507 1467 april
527 1410 610 1470 1943

348 1481 431 1541 Het
451 1480 517 1540 was
537 1479 684 1539 heerlijk
713 1479 804 1539 weer
824 1482 985 1542 vandaag
1010 1482 1046 1542 en
1074 1482 1102 1542 ik
1127 1482 1191 1542 heb
1222 1479 1285 1539 dus
1305 1479 1450 1539 heerlijk
1478 1479 1603 1539 buiten
1631 1482 1792 1542 gestaan.
1812 1482 1904 1542 Mijn
1932 1481 2048 1541 benen

347 1551 391 1611 en
416 1554 502 1614 mijn
530 1554 709 1614 gezichtje
731 1555 795 1615 zijn
823 1554 1007 1614 helemaal
1024 1554 1152 1614 bruin.
1178 1556 1230 1616 We
1256 1554 1401 1614 hebben
1426 1554 1518 1614 weer
1537 1554 1735 1614 luchtalarm
1783 1554 1913 1614 gehad.

350 1700 365 1760 1
388 1699 458 1759 mei
479 1698 561 1758 1943
587 1700 749 1760 zaterdag

350 1767 430 1827 Het
453 1767 521 1827 was
547 1768 597 1828 erg
628 1769 878 1829 roezemoerig
909 1768 994 1828 druk
1027 1772 1204 1832 vandaas,
1228 1772 1349 1832 gasten
1379 1771 1417 1831 en
1445 1772 1642 1832 kennissen
1670 1772 1710 1832 en
1738 1770 1801 1830 het
1824 1770 1915 1830 weer
1936 1771 1999 1831 liet
2022 1769 2049 1829 te

354 1840 501 1900 wensen
532 1840 612 1900 over
635 1840 674 1900 en
703 1840 765 1900 dat
786 1840 917 1900 terwijl
938 1840 1000 1900 het
1021 1840 1031 1900 t
1057 1841 1132 1901 mei
1150 1843 1240 1903 feest
1261 1840 1406 1900 gevierd
1429 1840 1540 1900 werd.
1564 1843 1700 1903 Overal
1722 1843 1910 1903 stakingen
1939 1841 2049 1901 uitge¬

348 1911 510 1971 broken,
531 1912 576 1972 als
599 1912 678 1972 vorm
726 1912 787 1972 van
815 1912 970 1972 protest,
990 1914 1122 1974 omdat
1145 1915 1231 1975 onze
1254 1915 1449 1975 militairen
1480 1913 1637 1973 opnieuw
1675 1915 1705 1975 in
1734 1915 1797 1975 krij

346 1985 455 2045 schap
492 1984 641 2044 worden
673 1986 880 2046 genomen.
910 1987 1002 2047 Alles
1029 1987 1055 2047 is
1082 1987 1167 2047 even
1202 1986 1406 2046 rumoerig.
1433 1986 1603 2046 Gisteren
1635 1984 1704 2044 was
1734 1985 1797 2045 het
1821 1986 1988 2046 eigenlijk
2026 1988 2055 2048 al

354 2057 576 2117 begonnen.
598 2058 668 2118 Alle
693 2058 975 2118 vergaderingen
1002 2058 1067 2118 zijn
1095 2059 1254 2119 afgelast.
1274 2058 1349 2118 Het
1369 2058 1393 2118 is
1415 2058 1534 2118 overal
1553 2061 1754 2121 rumoerig,
1773 2061 1800 2121 je
1822 2061 1897 2121 mag
1925 2061 2000 2121 niet
2020 2061 2047 2121 in

357 2127 527 2187 groepjes
552 2127 609 2187 van
639 2127 702 2187 vijf
722 2127 798 2187 met
818 2127 935 2187 elkaar
958 2129 1103 2189 praten.

371 2189 421 2249 We
443 2198 587 2258 hebben
612 2199 650 2259 de
673 2199 831 2259 badkuip
859 2199 916 2259 vol
936 2199 1041 2259 water
1058 2200 1149 2260 laten
1174 2199 1301 2259 lopen.
1318 2200 1542 2260 Hoofddorp
1573 2202 1625 2262 zat
1642 2202 1781 2262 zonder
1798 2200 1855 2260 gas
1875 2202 1911 2262 en
1936 2202 2055 2262 water.

352 2270 385 2330 Ik
414 2272 478 2332 kan
507 2270 585 2330 niet
606 2270 691 2330 naar
712 2270 838 2330 buiten
867 2270 1035 2330 vanwege
1064 2268 1100 2328 de
1126 2270 1217 2330 storm
1266 2270 1305 2330 en
1334 2271 1372 2331 de
1396 2270 1520 2330 regen.
1541 2270 1618 2330 Het
1639 2271 1662 2331 is
1686 2273 1768 2333 echt
1789 2273 2056 2333 hondenweer.

356 2339 392 2399 lk
420 2339 483 2399 heb
511 2339 580 2399 wat
600 2340 716 2400 liggen
741 2340 885 2400 huilen,
905 2342 1001 2402 want
1024 2342 1051 2402 in
1079 2342 1165 2402 mijn
1193 2342 1392 2402 ledikantje
1417 2342 1566 2402 overdag
1591 2342 1655 2402 hen
1683 2344 1710 2404 ik
1738 2344 1813 2404 niet
1835 2343 2001 2403 gewend.

349 2485 362 2545 2
389 2485 461 2545 mei
480 2483 562 2543 1943
589 2484 725 2544 zondag

350 2551 386 2611 lk
414 2553 480 2613 ben
511 2556 569 2616 een
597 2556 669 2616 half
692 2554 791 2614 pond
820 2555 1089 2615 aangekomen.
1111 2557 1186 2617 Cor
1209 2555 1233 2615 is
1256 2555 1336 2615 even
1367 2557 1450 2617 naar
1475 2554 1547 2614 Ann
1581 2557 1689 2617 Mello
1717 2554 1884 2614 geweest.
1906 2557 1962 2617 Lij
1984 2553 2053 2613 ver-

352 2629 447 2689 trekt
477 2629 684 2689 donderdag
716 2630 800 2690 naar
825 2629 939 2689 stalié,
961 2629 1050 2689 bang
1086 2629 1146 2689 dat
1170 2629 1203 2689 ze
1233 2629 1360 2689 anders
1388 2628 1654 2688 meegenomen
1684 2628 1738 2688 zal
1763 2629 1929 2689 worden.
1953 2630 2007 2690 Zij
2032 2629 2056 2689 is

352 2701 474 2761 jodin,
491 2703 588 2763 maar
608 2703 806 2763 staliaanse.
825 2700 898 2760 Cor
918 2701 983 2761 was
1002 2701 1069 2761 nog
1094 2702 1192 2762 maar
1209 2703 1265 2763 een
1290 2700 1363 2760 half
1382 2700 1447 2760 uur
1466 2700 1532 2760 weg
1559 2700 1594 2760 of
1611 2700 1657 2760 we
1679 2701 1803 2761 kregen
1828 2703 2059 2763 luchtalarm.

357 2773 470 2833 Greet
486 2775 552 2835 had
579 2775 632 2835 me
656 2775 714 2835 net
733 2775 761 2835 in
788 2776 825 2836 de
846 2775 918 2835 tuin
947 2775 1058 2835 gezet,
1074 2775 1100 2835 ik
1127 2775 1219 2835 werd
1241 2775 1352 2835 direct
1371 2774 1460 2834 weer
1479 2775 1561 2835 naar
1580 2776 1714 2836 binnen
1739 2776 1887 2836 gehaald
1911 2775 1945 2835 en
1972 2776 2053 2836 voor

355 2849 560 2909 neergezet.
582 2849 654 2909 Cor
676 2849 779 2909 belde
804 2849 915 2909 direct
940 2849 998 2909 op.
1020 2849 1076 2909 Zij
1095 2849 1223 2909 mocht
1245 2849 1278 2909 er
1298 2849 1372 2909 niet
1395 2849 1483 2909 door
1520 2849 1547 2909 se
1570 2849 1678 2909 krijgt
1697 2850 1800 2910 boete
1825 2848 1861 2908 en
1889 2849 1916 2909 je
1941 2849 2052 2909 wordt

357 2922 649 2982 meegenomen.
671 2924 703 2984 Ik
736 2924 822 2984 krijg
852 2924 912 2984 een
945 2922 1142 2982 onderkin.
1167 2923 1240 2983 kan
1275 2923 1337 2983 ook
1370 2921 1446 2981 niet
1473 2924 1614 2984 anders.
1638 2921 1714 2981 Cor
1739 2921 1765 2981 is
1793 2921 1904 2981 direct
1928 2922 1969 2982 na
1999 2922 2058 2982 het

346 2996 542 3056 luchtalarm
592 2996 679 3056 naar
701 2997 783 3057 huis
807 2996 1006 3056 gekomen.
1037 2994 1091 3054 We
1116 2996 1258 3056 zouden
1288 2996 1356 3056 nog
1386 2996 1468 3056 even
1498 2996 1583 3056 naar
1607 2996 1645 3056 de
1673 2996 1806 3056 familie
1834 2997 1989 3057 Sanders
2014 2999 2049 3059 op

349 3067 391 3127 de
415 3068 753 3128 koninginneweg,
772 3067 870 3127 maar
891 3068 923 3128 er
945 3067 1011 3127 was
1032 3067 1059 3127 te
1083 3067 1157 3127 veel
1176 3067 1272 3127 wind
1296 3067 1330 3127 en
1355 3067 1405 3127 we
1426 3068 1490 3128 zijn
1520 3069 1583 3129 dus
1602 3067 1724 3127 lekker
1743 3067 1838 3127 thuis
1857 3067 2046 3127 gebleven.
