2479 3508
444 339 457 399 3
483 333 552 393 mei
576 334 654 394 1943
681 333 860 393 maandag

440 406 487 466 Er
515 403 579 463 zijn
610 402 732 462 twaalf
758 404 908 464 mensen
939 404 1187 464 gefusilleerd,
1213 404 1265 464 die
1293 404 1368 464 zich
1399 404 1650 464 opgeworpen
1678 402 1826 462 hadden
1857 404 1904 464 als
1927 406 2057 466 leiders
2086 404 2141 464 van

452 476 497 536 de
523 476 684 536 staking.
716 475 769 535 We
795 475 860 535 zijn
891 477 970 537 hier
994 479 1163 539 allemaal
1186 476 1237 536 erg
1269 478 1384 538 onder
1413 476 1450 536 de
1479 477 1631 537 indruk.
1657 478 1714 538 Zij
1737 478 1855 538 rusten
1887 476 1918 536 in
1949 477 2074 537 vrede.
2097 479 2144 539 De

443 551 509 611 ene
540 550 682 610 ellende
713 549 812 609 volgt
838 551 876 611 op
913 551 951 611 de
982 551 1113 611 andere
1144 551 1355 611 vanavond.
1383 554 1491 614 Tegen
1525 551 1580 611 zes
1606 551 1675 611 uur
1700 551 1895 611 plotseling
1926 552 2126 612 luchtalarm

447 619 488 679 en
519 621 566 681 ja,
588 622 671 682 daar
694 622 860 682 kwamen
894 622 1044 682 Engelse
1072 623 1291 683 vliegtuigen
1319 625 1349 685 in
1383 624 1422 684 de
1447 624 1566 684 lucht.
1589 625 1722 685 Duitse
1747 624 1858 684 jagers
1883 622 1920 682 er
1942 625 2153 685 achteraan.

455 692 554 752 Twee
585 694 749 754 kwamen
785 694 820 754 er
844 695 1039 755 brandend
1072 697 1231 757 omlaag.
1259 697 1329 757 Een
1362 697 1502 757 verloor
1533 697 1646 757 direct
1673 697 1868 757 brandend
1898 697 1963 757 zijn
1996 700 2152 760 vleugel.

451 766 727 826 Carachutisten
758 768 942 828 sprongen
974 769 1080 829 eruit.
1108 772 1191 832 Men
1224 770 1305 830 zegt
1327 769 1389 829 een
1419 769 1552 829 Engels
1579 769 1617 829 en
1647 769 1709 829 een
1739 769 1853 829 Duits
1878 767 2024 827 toestel.
2054 769 2148 829 Waar

451 837 517 897 het
538 837 562 897 is
583 839 855 899 neergekomen
885 838 995 898 weten
1025 839 1083 899 wij
1104 842 1170 902 nog
1197 842 1289 902 niet.
1308 840 1337 900 Ik
1366 840 1416 900 lag
1443 840 1506 900 net
1527 840 1564 900 op
1599 841 1635 901 de
1662 840 1762 900 divan
1794 840 1820 900 te
1845 840 1969 900 huilen
1998 840 2093 900 want
2117 840 2140 900 ik

444 909 512 969 heb
539 909 610 969 wat
632 911 699 971 pijn
730 912 756 972 in
787 911 870 971 mijn
898 912 1042 972 huikje,
1061 912 1148 972 mijn
1175 912 1316 972 bolusje
1341 912 1398 972 wil
1417 910 1493 970 niet
1512 912 1670 972 komen.
1689 912 1835 972 Dokter
1855 911 1881 971 is
1904 910 1968 970 ook
1996 906 2148 966 geweest

446 982 610 1042 vandaag
637 982 674 1042 en
704 981 730 1041 ik
759 981 820 1041 heb
855 981 939 1041 voor
964 981 1024 1041 het
1046 982 1135 1042 eerst
1160 982 1215 1042 een
1245 983 1411 1043 biscuitje
1439 986 1634 1046 gekregen,
1656 983 1820 1043 geweekt
1842 981 1871 1041 in
1900 984 2147 1044 tomatensap.

445 1052 525 1112 Het
545 1052 612 1112 was
637 1052 701 1112 wel
721 1054 844 1114 lekker
866 1052 902 1112 en
928 1054 992 1114 het
1012 1055 1087 1115 eten
1115 1056 1204 1116 voor
1224 1057 1288 1117 het
1308 1056 1397 1116 eerst
1416 1055 1497 1115 ging
1526 1057 1589 1117 mij
1612 1057 1704 1117 goed
1726 1056 1771 1116 al¬

448 1201 462 1261 4
488 1201 558 1261 mei
578 1201 660 1261 1943
685 1199 829 1259 dinsdag

449 1267 510 1327 We
538 1269 602 1329 zijn
635 1273 857 1333 vanmiddag
888 1273 974 1333 naar
999 1273 1063 1333 het
1088 1271 1463 1331 distributiekantoor
1489 1273 1658 1333 geweest.
1689 1273 1744 1333 We
1772 1273 1836 1333 zijn
1867 1273 1958 1333 heen
1989 1276 2080 1336 door
2108 1274 2144 1334 de

442 1342 653 1402 Ferdinand
681 1344 864 1404 Bolstraat
887 1347 1014 1407 gegaan
1045 1345 1084 1405 en
1112 1347 1209 1407 terug
1237 1345 1337 1405 langs
1362 1345 1401 1405 de
1426 1343 1749 1403 Hobbemakade.
1768 1344 1846 1404 Het
1866 1342 1935 1402 was
1960 1345 2018 1405 een
2046 1345 2130 1405 heer

445 1414 528 1474 lijke
553 1416 778 1476 wandeling.
797 1417 886 1477 Loen
914 1416 942 1476 ik
967 1416 1064 1476 thuis
1084 1416 1181 1476 kwam
1228 1416 1295 1476 was
1315 1416 1342 1476 ik
1370 1416 1420 1476 erg
1442 1418 1623 1478 hongerig
1648 1416 1684 1476 en
1709 1416 1773 1476 heb
1801 1416 1859 1476 een
1884 1416 2053 1476 biscuitje
2076 1416 2148 1476 met

442 1490 677 1550 tomatensap
706 1491 840 1551 gehad,
861 1490 901 1550 om
944 1489 1021 1549 halt
1040 1489 1093 1549 zes
1112 1491 1200 1551 mijn
1227 1488 1325 1548 Hesje
1350 1490 1387 1550 en
1414 1491 1544 1551 daarna
1571 1491 1657 1551 naar
1676 1491 1763 1551 bed.

447 1625 457 1685 5
481 1634 554 1694 mei
575 1634 655 1694 1943

444 1702 613 1762 Vandaag
639 1703 781 1763 zouden
808 1703 854 1763 we
880 1703 937 1763 een
963 1703 1095 1763 bezoek
1124 1706 1184 1766 aan
1210 1706 1360 1766 meneer
1381 1706 1537 1766 Sanders
1555 1707 1739 1767 brengen,
1758 1706 1856 1766 maar
1877 1706 1954 1766 Cor
1975 1706 2011 1766 en
2038 1706 2146 1766 Greet

436 1775 585 1835 hebben
615 1775 651 1835 de
676 1776 907 1836 slaapkamer
927 1775 1009 1835 eens
1033 1777 1147 1837 onder
1166 1778 1315 1838 handen
1342 1777 1547 1837 genomen,
1569 1777 1761 1837 aangezien
1788 1775 1865 1835 Cor
1886 1776 2035 1836 morgen
2062 1782 2139 1842 jarie

434 1848 479 1908 1s.
503 1847 577 1907 Het
599 1847 665 1907 was
690 1848 748 1908 een
775 1848 857 1908 heel
876 1848 964 1908 werk
994 1848 1031 1908 en
1058 1849 1105 1909 we
1130 1850 1194 1910 zijn
1223 1852 1287 1912 dan
1317 1849 1383 1909 ook
1413 1849 1463 1909 erg
1490 1849 1572 1909 moe
1597 1851 1682 1911 naar
1701 1851 1770 1911 hed
1794 1851 1948 1911 gegaan.

448 1990 463 2050 6
488 1990 557 2050 mei
579 1991 658 2051 1943

445 2059 523 2119 Cor
543 2061 567 2121 is
587 2061 687 2121 jarig.
709 2059 817 2119 Greet
837 2059 859 2119 is
881 2061 917 2121 om
962 2061 1075 2121 kwart
1098 2061 1178 2121 over
1195 2061 1297 2121 zeven
1325 2064 1542 2124 opgestaan,
1559 2061 1658 2121 heeft
1678 2062 1741 2122 mij
1761 2062 1844 2122 mijn
1872 2063 1966 2123 Hesje
1989 2064 2141 2124 gegeven

446 2127 487 2187 en
517 2130 576 2190 een
606 2130 741 2190 schone
766 2130 868 2190 luier,
888 2131 968 2191 toen
998 2130 1131 2190 mocht
1150 2133 1177 2193 ik
1205 2133 1258 2193 bij
1280 2133 1356 2193 Oor
1375 2134 1491 2194 liggen
1521 2131 1559 2191 en
1586 2132 1648 2192 heb
1679 2133 1765 2193 haar
1787 2131 1846 2191 een
1873 2131 1979 2191 pakje
2003 2132 2130 2192 sigaret

440 2199 501 2259 ten
531 2202 592 2262 van
623 2202 651 2262 f.
673 2202 709 2262 6,
748 2202 926 2262 gegeven.
954 2205 1031 2265 Ook
1065 2202 1165 2262 kreeg
1199 2204 1273 2264 Cor
1299 2203 1360 2263 van
1390 2205 1504 2265 Greet
1530 2202 1588 2262 een
1619 2205 1743 2265 pakje.
1766 2205 1913 2265 Daarna
1941 2205 2041 2265 kreeg
2074 2205 2143 2265 Cor

444 2273 510 2333 van
537 2271 603 2331 mij
621 2273 815 2333 bloemen.
836 2272 1014 2332 Lathytus
1035 2273 1072 2333 en
1101 2275 1162 2335 van
1189 2273 1300 2333 Greet
1321 2276 1446 2336 rozen.
1467 2275 1554 2335 Ioen
1581 2275 1682 2335 heeft
1706 2273 1780 2333 Oor
1801 2273 1883 2333 even
1910 2276 2061 2336 gehuild
2085 2276 2140 2336 van

437 2342 679 2402 aandoening
704 2345 740 2405 en
763 2345 874 2405 Greet
893 2345 929 2405 en
955 2345 1021 2405 mij
1041 2347 1183 2407 gekust.
1200 2345 1255 2405 De
1275 2345 1361 2405 twee
1384 2346 1489 2406 omas
1509 2347 1656 2407 hadden
1682 2348 1798 2408 elkaar
1818 2348 2024 2408 afgehaald,
2041 2348 2069 2408 ik
2091 2348 2138 2408 lag

435 2416 645 2476 inmiddels
664 2415 696 2475 in
723 2417 760 2477 de
784 2417 906 2477 wagen
930 2418 959 2478 in
989 2420 1026 2480 de
1050 2420 1122 2480 tuin
1148 2420 1177 2480 in
1207 2420 1244 2480 de
1268 2420 1438 2480 heerlijke
1460 2420 1545 2480 zon.
1566 2420 1619 2480 De
1641 2417 1728 2477 twee
1750 2420 1856 2480 omas
1880 2420 2045 2480 dronken
2069 2421 2138 2481 hun

443 2488 556 2548 koftie
579 2488 725 2548 buiten.
745 2488 820 2548 Oor
840 2490 909 2550 had
931 2491 997 2551 zelt
1017 2491 1075 2551 een
1098 2488 1269 2548 heerlijke
1292 2493 1383 2553 taart
1403 2492 1575 2552 gemaakt
1595 2491 1655 2551 dat
1675 2491 1733 2551 wil
1750 2491 1880 2551 zeggen
1908 2492 1944 2552 de
1967 2492 2058 2552 taart
2080 2492 2141 2552 was

445 2563 655 2623 gebakken,
675 2563 775 2623 maar
795 2563 869 2623 Cor
889 2563 958 2623 had
980 2565 1049 2625 nog
1074 2564 1174 2624 echte
1197 2566 1332 2626 mokka
1354 2566 1523 2626 gemaakt
1543 2566 1673 2626 boter-
1704 2566 1834 2626 kostie.
1856 2566 1911 2626 We
1934 2566 2077 2626 moeten
2106 2566 2141 2626 24

447 2636 563 2696 dagen
590 2637 666 2697 met
687 2638 746 2698 een
772 2638 846 2698 half
868 2638 968 2698 pond
992 2638 1098 2698 boter
1119 2638 1209 2698 doen
1238 2640 1275 2700 en
1305 2641 1339 2701 28
1366 2641 1477 2701 dagen
1503 2640 1580 2700 met
1599 2638 1675 2698 ruim
1718 2641 1731 2701 t
1755 2641 1818 2701 ons
1840 2638 1946 2698 vlees.
1967 2641 2020 2701 De
2044 2639 2147 2699 boter

434 2709 524 2769 kost
545 2709 571 2769 f.
591 2711 643 2771 38,
682 2709 693 2769 t
720 2710 839 2770 pond.
865 2710 921 2770 We
947 2711 1092 2771 hebben
1122 2711 1183 2771 een
1209 2712 1381 2772 heerlijke
1410 2712 1471 2772 dag
1501 2715 1617 2775 gehad
1643 2714 1681 2774 en
1708 2713 1736 2773 ik
1766 2712 1832 2772 ben
1862 2712 1955 2772 door
1979 2712 2138 2772 iedereen

438 2782 691 2842 bewonderd.
715 2784 761 2844 De
789 2784 922 2844 vinden
949 2784 1017 2844 mij
1039 2784 1104 2844 iets
1126 2786 1354 2846 bijzonders,
1379 2787 1438 2847 dat
1460 2787 1528 2847 hen
1558 2787 1585 2847 ik
1618 2787 1683 2847 ook
1724 2787 1759 2847 Ik
1789 2787 1854 2847 ben
1887 2787 1922 2847 zo
1950 2787 2055 2847 bruin
2088 2787 2145 2847 dat

443 2853 542 2913 tante
573 2855 697 2915 Gerrie
723 2855 833 2915 dacht
859 2857 920 2917 dat
940 2858 967 2918 ik
998 2858 1058 2918 een
1087 2858 1314 2918 halfbloedje
1339 2858 1422 2918 was.
1445 2858 1478 2918 Ik
1506 2858 1569 2918 heb
1603 2858 1680 2918 met
1700 2858 1786 2918 mijn
1817 2858 1916 2918 blote
1942 2858 2088 2918 pootjes
2111 2855 2138 2915 in

446 2927 491 2987 de
514 2927 577 2987 zon
608 2927 777 2987 gelegen.

438 2998 518 3058 Het
544 2997 570 3057 is
599 3000 731 3060 anders
760 3002 964 3062 rumoerig.
993 3002 1066 3062 Alle
1097 3004 1294 3064 stúdenten
1331 3005 1385 3065 die
1416 3004 1538 3064 zekere
1569 3005 1826 3065 documenten
1858 3005 1935 3065 niet
1964 3005 2140 3065 getekend

438 3073 607 3133 hebben,
629 3073 775 3133 moeten
802 3074 886 3134 naar
910 3075 1131 3135 Duitsland.
1152 3076 1205 3136 Om
1250 3076 1364 3136 negen
1391 3076 1457 3136 uut
1481 3076 1601 3136 moest
1622 3076 1651 3136 al
1673 3076 1733 3136 het
1752 3075 1885 3135 bezoek
1912 3076 2049 3136 binnen
2076 3077 2139 3137 zijn
