2479 3508
444 330 481 390 16
508 328 577 388 mei
599 330 678 390 1943
705 329 841 389 zondag

447 400 484 460 Ik
514 395 580 455 ben
609 397 664 457 130
694 397 770 457 gram
821 396 1093 456 aangekomen.
1118 396 1263 456 Dokter
1287 398 1356 458 was
1380 398 1456 458 hier
1480 397 1557 457 zeer
1578 397 1748 457 tevreden
1780 398 1875 458 over.
1899 398 1954 458 We
1981 398 2044 458 zijn
2076 401 2150 461 niet

448 469 689 529 weggeweest
714 470 893 530 vandaag.
918 470 993 530 Het
1018 472 1086 532 was
1110 470 1298 530 trouwens
1322 470 1482 530 tamelijk
1512 470 1572 530 fris
1599 467 1702 527 weer.
1729 469 1786 529 We
1811 469 1957 529 hebben
1987 473 2141 533 vandaag

450 539 648 599 tweemaal
670 544 865 604 luchtalarm
916 543 1049 603 gehad.
1068 543 1098 603 Ik
1131 545 1193 605 heb
1226 545 1290 605 wel
1312 545 1339 605 in
1372 545 1409 605 de
1437 545 1510 605 tuin
1543 544 1705 604 gestaan,
1727 545 1827 605 maar
1849 545 1925 605 met
1949 545 2149 605 dekentjes,

450 615 553 675 want
576 615 638 675 het
659 613 726 673 was
749 615 824 675 fris.
847 616 958 676 Greet
982 616 1017 676 en
1046 616 1123 676 Cor
1147 616 1209 676 zijn
1237 616 1376 676 binnen
1405 616 1598 676 gebleven.
1622 617 1691 677 Alle
1717 616 1844 676 joodse
1870 616 2019 676 mensen
2048 616 2146 676 moe¬

444 691 504 751 ten
532 690 608 750 zich
636 689 780 749 melden
810 691 840 751 in
871 689 1086 749 Amsterdam
1134 691 1222 751 voor
1248 691 1468 751 aanstaande
1496 691 1731 751 donderdag.
1754 691 1809 751 De
1835 691 1984 751 mensen
2014 688 2088 748 zien
2118 690 2148 750 er

444 763 610 823 bedrukt
634 763 703 823 uit.
727 761 781 821 De
807 762 950 822 nieuwe
978 763 1128 823 bonnen
1160 763 1224 823 zijn
1256 766 1517 826 uitgekomen,
1541 764 1642 824 maar
1666 763 1702 823 er
1725 762 1751 822 is
1777 762 1865 822 voor
1891 765 2028 825 zondag
2062 766 2142 826 geen

447 835 571 895 boter,
593 834 677 894 geen
709 835 812 895 vlees,
836 837 920 897 geen
950 837 1047 897 kaas.
1074 837 1164 897 Voor
1190 837 1227 897 de
1254 837 1402 897 minder
1426 838 1611 898 gegoeden
1640 836 1666 896 is
1688 836 1751 896 het
1775 836 2010 896 ontzettend.
2032 837 2150 897 Niets,

444 909 547 969 maar
571 909 632 969 dan
664 907 728 967 ook
755 907 850 967 niets
871 907 900 967 te
922 909 1078 969 krijgen.
1100 906 1197 966 Geen
1227 906 1274 966 vis
1296 909 1354 969 aan
1383 909 1423 969 de
1447 909 1582 969 markt.
1604 909 1720 969 Valing
1747 909 1773 969 f.
1789 909 1826 969 6,
1832 908 1866 968 zo
1896 907 1954 967 een
1980 909 2084 969 pond
2108 909 2142 969 en

445 979 512 1039 dat
532 980 556 1040 is
579 978 643 1038 dan
674 979 743 1039 nog
771 978 991 1038 goedkoop.

442 1051 479 1111 Ik
513 1049 575 1109 heb
610 1048 755 1108 heerlijk
789 1049 877 1109 mijn
909 1049 1068 1109 andijvie
1096 1048 1136 1108 en
1168 1047 1341 1107 beschuit
1367 1049 1569 1109 opgegeten
1603 1050 1640 1110 en
1672 1050 1774 1110 kreeg
1805 1051 1876 1111 nog
1908 1051 1967 1111 een
1996 1049 2141 1109 heerlijk

445 1124 564 1184 slokje
590 1122 643 1182 uit
663 1123 748 1183 mijn
777 1121 876 1181 Hesje
899 1121 975 1181 toe.

442 1266 480 1326 17
505 1266 578 1326 mei
598 1267 681 1327 1943

450 1336 482 1396 lk
514 1336 579 1396 was
604 1336 664 1396 net
683 1337 823 1397 heerlijk
855 1338 1030 1398 gewassen
1057 1336 1088 1396 in
1117 1336 1154 1396 de
1179 1336 1252 1396 tuin
1282 1336 1379 1396 gezet
1404 1336 1438 1396 of
1459 1336 1541 1396 daar
1563 1337 1727 1397 kwamen
1756 1336 1793 1396 de
1820 1337 1992 1397 Engelsen
2024 1339 2079 1399 aan
2108 1339 2142 1399 en

442 1405 537 1465 weer
556 1410 787 1470 luchtalarm.
804 1409 831 1469 Ik
858 1407 953 1467 werd
972 1407 1062 1467 weer
1078 1409 1214 1469 binnen
1239 1409 1402 1469 gehaald.
1421 1410 1494 1470 Cor
1514 1410 1535 1470 is
1557 1410 1652 1470 altijd
1674 1410 1723 1470 erg
1745 1410 1837 1470 bang
1862 1407 1946 1467 voor
1965 1410 2149 1470 scherven.

442 1482 499 1542 De
524 1482 668 1542 mensen
695 1482 894 1542 schoolden
922 1482 957 1542 op
984 1482 1093 1542 straat
1109 1482 1251 1542 samen.
1270 1481 1460 1541 Vlotseling
1488 1484 1545 1544 een
1570 1482 1842 1542 luchtgevecht.
1861 1482 1902 1542 Et
1924 1484 2016 1544 werd
2038 1485 2144 1545 hettig

446 1555 741 1615 gemitrailleerd,
762 1554 858 1614 want
881 1554 915 1614 er
933 1554 1047 1614 waren
1076 1556 1137 1616 ook
1169 1555 1334 1615 Duitsers
1355 1556 1383 1616 in
1415 1555 1453 1615 de
1477 1556 1593 1616 lucht.
1614 1556 1655 1616 Er
1676 1556 1772 1616 kwam
1819 1556 1875 1616 een
1907 1554 2054 1614 Duitser
2078 1554 2147 1614 met

442 1625 504 1685 een
535 1625 641 1685 zware
667 1627 874 1687 vrachtauto
902 1627 977 1687 met
998 1627 1230 1687 rupsbanden
1261 1628 1349 1688 door
1375 1628 1458 1688 onze
1483 1628 1604 1688 straat,
1622 1625 1675 1685 hij
1696 1626 1810 1686 stopte
1835 1628 2045 1688 plotseling,
2068 1633 2141 1693 ging

450 1697 510 1757 aan
541 1699 603 1759 het
621 1697 774 1757 laveren,
797 1700 955 1760 iedereen
983 1700 1066 1760 keek
1097 1702 1164 1762 wat
1185 1700 1220 1760 er
1240 1700 1318 1760 ging
1346 1700 1542 1760 gebeuren.
1565 1700 1660 1760 Deze
1685 1700 1791 1760 zware
1819 1700 2025 1760 vrachtauto
2053 1700 2138 1760 werd

448 1771 493 1831 op
519 1769 580 1829 het
599 1769 742 1829 trottoir
760 1770 958 1830 neergezet.
977 1771 1139 1831 Ledereen
1163 1772 1255 1832 bleef
1274 1772 1395 1832 buiten
1419 1772 1512 1832 staan
1536 1772 1673 1832 kijken,
1692 1772 1758 1832 wat
1777 1772 1938 1832 eigenlijk
1965 1772 2038 1832 niet
2057 1774 2147 1834 mag¬

442 1842 496 1902 Na
524 1840 583 1900 het
603 1842 796 1902 luchtalarm
842 1845 940 1905 kwam
984 1843 1046 1903 het
1065 1845 1201 1905 signaal
1220 1843 1337 1903 veilig.
1356 1843 1388 1903 Ik
1416 1843 1511 1903 werd
1533 1843 1622 1903 weer
1644 1843 1766 1903 buiten
1797 1845 1981 1905 gebracht.
2003 1845 2144 1905 Daarna

444 1912 631 1972 ontplofte
656 1911 688 1971 er
707 1911 764 1971 een
789 1911 894 1971 bom.
919 1911 973 1971 We
992 1913 1192 1973 schrokken
1220 1915 1382 1975 allemaal
1402 1913 1437 1973 en
1461 1912 1491 1972 ik
1516 1912 1583 1972 kon
1613 1912 1648 1972 de
1670 1913 1757 1973 slaap
1787 1912 1860 1972 niet
1879 1912 1968 1972 goed
1993 1912 2147 1972 pakken.

440 1984 499 2044 Na
527 1984 586 2044 een
614 1984 779 2044 kwartier
804 1983 986 2043 ontplofte
1014 1982 1046 2042 er
1068 1983 1158 2043 weer
1182 1984 1242 2044 een
1269 1984 1375 2044 bom.
1400 1987 1454 2047 De
1482 1987 1658 2047 Lelegraat
1683 1985 1705 2045 is
1729 1983 1895 2043 geweest.
1920 1983 1988 2043 Een
2018 1986 2077 2046 van
2110 1984 2145 2044 de

448 2052 628 2112 loopsters
654 2053 905 2113 (bezorgsters)
931 2056 1083 2116 vertelde
1112 2055 1171 2115 dat
1192 2055 1227 2115 er
1251 2056 1289 2116 op
1324 2058 1359 2118 de
1388 2055 1587 2115 Ferdinand
1618 2055 1796 2115 Bolstraat
1820 2053 1876 2113 een
1907 2052 2013 2112 vrouw
2054 2053 2142 2113 werd

445 2126 603 2186 gewond
633 2126 723 2186 door
747 2126 808 2186 het
829 2127 1153 2187 mitrailleurvuur.
1177 2127 1269 2187 Twee
1296 2127 1450 2187 paarden
1482 2127 1566 2187 voor
1594 2128 1652 2188 een
1678 2127 1848 2187 lijkkoets
1872 2127 1936 2187 zijn
1965 2124 2145 2184 losgebto¬

442 2197 532 2257 ken.
556 2197 597 2257 fr
623 2197 687 2257 was
714 2199 861 2259 paniek.
885 2199 959 2259 Cor
983 2199 1081 2259 heeft
1102 2200 1249 2260 iemand
1278 2199 1475 2259 gesproken
1506 2199 1555 2259 die
1586 2200 1762 2260 werkzaam
1811 2196 1878 2256 was
1905 2199 1961 2259 aan
1993 2199 2052 2259 een
2083 2199 2140 2259 van

447 2269 489 2329 de
514 2267 694 2327 fabrieken
722 2269 780 2329 aan
811 2268 846 2328 de
874 2267 1024 2327 Omval.
1046 2270 1099 2330 Zij
1118 2270 1279 2330 moesten
1310 2270 1470 2330 allemaal
1490 2270 1562 2330 plat
1587 2271 1623 2331 op
1654 2272 1692 2332 de
1715 2272 1828 2332 grond
1856 2271 1936 2331 gaan
1964 2270 2078 2330 liggen
2106 2270 2139 2330 en

443 2339 591 2399 hebben
617 2342 647 2402 in
675 2340 904 2400 doodsangst
927 2342 1109 2402 verkeerd.

444 2409 525 2469 Het
542 2411 773 2471 Roergebied
795 2411 819 2471 is
835 2414 949 2474 zwaar
968 2414 1177 2474 geteisterd.
1196 2416 1264 2476 Een
1289 2415 1451 2475 stuwdam
1492 2417 1522 2477 in
1549 2416 1587 2476 de
1609 2414 1723 2474 buurt
1745 2414 1801 2474 van
1829 2417 1953 2477 Kassel
1970 2416 1994 2476 is
2013 2413 2141 2473 getrof¬

437 2485 494 2545 ten
525 2484 562 2544 en
593 2482 674 2542 alles
696 2484 720 2544 is
745 2485 859 2545 onder
884 2485 992 2545 water
1015 2487 1189 2547 gelopen,
1208 2488 1581 2548 spootwegstations,
1603 2485 1766 2545 bruggen
1797 2488 1878 2548 alles
1900 2488 1927 2548 in
1957 2488 2022 2548 zijn
2052 2488 2145 2548 vaart

443 2558 701 2618 meeslepend.
723 2557 798 2617 Het
818 2557 845 2617 is
865 2557 926 2617 een
951 2560 1132 2620 ellendige
1154 2560 1221 2620 tijd
1243 2560 1371 2620 waarin
1402 2562 1460 2622 wij
1480 2560 1599 2620 leven.
1619 2560 1696 2620 Het
1713 2562 1844 2622 begint
1866 2560 1894 2620 te
1916 2560 2146 2620 schemeren.

453 2621 514 2681 We
540 2630 688 2690 moeten
723 2632 757 2692 op
792 2632 853 2692 een
885 2632 1027 2692 oliestel
1047 2635 1186 2695 koken,
1210 2635 1247 2695 er
1270 2635 1293 2695 is
1320 2633 1403 2693 geen
1436 2634 1508 2694 gas,
1531 2635 1629 2695 want
1656 2635 1708 2695 bij
1731 2635 1772 2695 de
1798 2635 1998 2695 gastabriek
2027 2632 2143 2692 liggen

443 2703 731 2763 tijdbommen.

442 2772 478 2832 lk
511 2774 561 2834 zie
592 2776 736 2836 heerlijk
769 2777 897 2837 bruin,
922 2778 1011 2838 mijn
1042 2778 1208 2838 beentjes
1236 2781 1308 2841 zien
1342 2778 1586 2838 zwarthruin,
1611 2780 1697 2840 mijn
1730 2781 1841 2841 kopje
1869 2781 1897 2841 is
1925 2779 2146 2839 roodbruin,

440 2849 534 2909 mijn
559 2849 731 2909 haartjes,
751 2849 790 2909 de
815 2849 965 2909 weinige
990 2851 1043 2911 die
1068 2849 1093 2909 ik
1121 2851 1207 2911 heb,
1224 2852 1290 2912 zijn
1316 2849 1393 2909 wit.
1413 2851 1493 2911 Met
1516 2850 1627 2910 Greet
1646 2852 1707 2912 kan
1738 2852 1763 2912 ik
1791 2852 1938 2912 heerlijk
1963 2852 2138 2912 babbelen

435 2921 484 2981 als
509 2921 541 2981 ze
569 2921 623 2981 me
650 2924 830 2984 verzorgt.
855 2924 928 2984 Cor
950 2924 1111 2984 knuffelt
1133 2923 1233 2983 soms
1255 2924 1291 2984 zo
1318 2924 1424 2984 hard,
1446 2924 1506 2984 dat
1528 2924 1555 2984 ik
1585 2924 1756 2984 verhaasd
1784 2925 1868 2985 naar
1890 2925 1977 2985 haar
1999 2926 2089 2986 kijk.
2108 2926 2138 2986 lk

435 2996 505 3056 ben
533 2996 590 3056 een
617 2996 694 3056 dot.
715 2996 824 3056 Greet
843 2996 944 3056 heeft
962 2996 1125 3056 vergeten
1152 2996 1204 3056 me
1230 2996 1287 3056 een
1310 2996 1401 3056 huer
1422 2999 1536 3059 onder
1555 2997 1642 3057 mijn
1669 2996 1892 3056 nachtjapon
1924 2997 1978 3057 aan
2007 2997 2032 3057 te
2056 2997 2146 3057 trek-

443 3068 533 3128 ken.
551 3069 581 3129 Ik
607 3067 658 3127 zal
675 3067 820 3127 heerlijk
845 3067 908 3127 nat
925 3067 1010 3127 zijn.
1027 3067 1180 3127 Plukkie
1200 3069 1304 3129 loopt
1325 3069 1370 3129 als
1387 3067 1446 3127 een
1472 3069 1565 3129 dolle
1588 3070 1679 3130 door
1696 3070 1795 3130 huis.
1810 3068 1889 3128 Dat
1906 3069 1999 3129 geeft
2017 3070 2147 3130 storm.
