2479 3508
439 2563 481 2623 24
507 2565 581 2625 mei
600 2564 684 2624 1943

436 2632 516 2692 Het
537 2633 603 2693 was
628 2637 787 2697 vandaag
814 2636 875 2696 een
902 2636 1038 2696 akelige
1062 2638 1181 2698 koude
1208 2638 1291 2698 dag.
1312 2638 1341 2698 Ik
1368 2638 1480 2698 stond
1507 2638 1597 2698 eerst
1618 2638 1645 2698 in
1677 2638 1714 2698 de
1738 2640 1836 2700 tuin,
1855 2640 1956 2700 maar
1978 2638 2057 2698 toen
2087 2636 2145 2696 be-

445 2709 512 2769 oon
542 2709 604 2769 het
624 2709 650 2769 te
675 2709 848 2769 regenen,
867 2709 997 2769 daarna
1022 2709 1116 2769 werd
1138 2709 1165 2769 ik
1192 2709 1308 2769 onder
1330 2709 1368 2769 de
1392 2710 1557 2770 waranda
1585 2710 1755 2770 (balkon)
1777 2710 1890 2770 gezet.
1909 2712 1939 2772 Ik
1966 2711 2031 2771 heb
2058 2710 2137 2770 toen

436 2781 509 2841 nog
537 2782 618 2842 even
643 2781 765 2841 lekker
784 2784 972 2844 geslapen.
994 2782 1048 2842 Om
1089 2784 1206 2844 kwart
1228 2784 1315 2844 voor
1337 2784 1421 2844 twee
1443 2784 1546 2844 kreeg
1571 2784 1598 2844 ik
1626 2786 1775 2846 groente
1800 2786 1838 2846 en
1862 2784 1949 2844 mijn
1977 2784 2145 2844 beschuit

436 2852 478 2912 en
508 2852 569 2912 een
593 2853 709 2913 beetje
733 2855 789 2915 uit
808 2855 895 2915 mijn
925 2855 1020 2915 Hesje
1044 2855 1100 2915 toe
1126 2857 1256 2917 omdat
1278 2855 1304 2915 ik
1333 2857 1394 2917 dat
1416 2856 1450 2916 zo
1477 2855 1601 2915 lekker
1623 2856 1726 2916 vind.
1750 2857 1856 2917 Lante
1883 2857 2000 2917 Annie
2024 2857 2119 2917 kwam

436 2927 480 2987 en
506 2927 604 2987 heeft
625 2927 700 2987 met
718 2928 783 2988 mij
804 2927 910 2987 zitten
933 2927 1130 2987 keuvelen;
1146 2927 1190 2987 zij
1208 2927 1234 2987 is
1252 2927 1311 2987 gek
1340 2929 1415 2989 met
1433 2930 1498 2990 mij
1519 2930 1555 2990 en
1581 2930 1633 2990 zal
1651 2929 1721 2989 zien
1749 2929 1809 2989 dat
1827 2928 1861 2988 ze
1884 2927 1941 2987 een
1967 2929 2034 2989 bor
2060 2928 2143 2988 voor

436 2999 494 3059 me
518 2999 704 3059 losmaakt
723 2999 800 3059 hier
821 2999 855 3059 of
877 3001 972 3061 daar.
989 3000 1020 3060 Ik
1047 2999 1110 3059 heb
1140 3002 1310 3062 gelachen
1337 3002 1374 3062 en
1403 3002 1464 3062 dan
1493 3002 1605 3062 zwaai
1624 3002 1650 3062 ik
1679 3001 1754 3061 met
1773 3003 1921 3063 handen
1948 3002 1985 3062 en
2009 3005 2144 3065 benen,

436 3070 665 3130 afgewisseld
692 3070 769 3130 met
788 3073 860 3133 vele
884 3073 1028 3133 plasjes,
1049 3073 1145 3133 want
1169 3076 1251 3136 daar
1271 3076 1334 3136 kan
1364 3076 1390 3136 ik
1420 3074 1497 3134 mee
1521 3074 1675 3134 terecht.

482 3221 534 3281 64
