2479 3508
340 326 398 386 De
423 324 617 384 Russische
641 326 934 386 Internationale
956 327 982 387 is
1003 327 1246 387 ontbonden,
1265 327 1325 387 dat
1347 330 1405 390 wil
1424 329 1555 389 zeggen
1582 327 1642 387 dat
1661 327 1722 387 het
1741 330 2050 390 kominternpact

337 398 366 458 is
396 398 614 458 opgeheven
646 398 686 458 en
718 398 782 458 dat
809 398 872 458 alle
899 398 1035 458 landen
1067 398 1133 458 vrij
1160 398 1277 458 zullen
1309 398 1408 458 staan
1442 398 1503 458 van
1538 401 1602 461 het
1626 398 1951 458 Communisme.
1975 404 2041 464 Een

344 468 420 528 stap
450 470 483 530 in
513 471 551 531 de
579 470 693 530 goede
717 470 900 530 richting;
922 473 1014 533 waar
1033 472 1140 532 breek
1170 472 1197 532 ik
1224 471 1314 531 mijn
1342 471 1464 531 kleine
1489 472 1611 532 hoofd
1636 472 1714 532 over

344 539 379 599 Ik
412 541 455 601 lig
488 542 686 602 vanavond
716 542 805 602 voor
833 544 895 604 het
920 544 1012 604 eerst
1039 545 1077 605 op
1110 545 1172 605 een
1202 546 1411 606 kussentje,
1436 546 1463 606 ik
1496 545 1623 605 geloof
1651 547 1718 607 wel
1743 545 1803 605 dat
1827 545 1857 605 ik
1887 545 1952 605 het
1977 545 2047 605 lek-

349 615 415 675 ker
440 613 545 673 vind.
570 613 648 673 Cor
673 610 775 670 heeft
801 613 1031 673 vanmorgen
1062 616 1100 676 de
1131 616 1264 676 dokter
1289 618 1477 678 opgebeld
1506 616 1544 676 om
1592 613 1680 673 mijn
1714 614 1874 674 gewicht
1899 613 2043 673 bekend

349 687 382 747 te
407 683 562 743 maken.
587 687 706 747 Wilje
731 685 884 745 geloven
909 688 964 748 zei
984 688 1062 748 Cor
1084 689 1186 749 tegen
1215 691 1281 751 mij
1304 691 1364 751 dat
1387 691 1414 751 ik
1442 689 1500 749 me
1526 688 1659 748 geneer
1681 688 1720 748 om
1767 688 1831 748 het
1853 688 1892 748 de
1920 688 2050 748 dokter

349 756 384 816 te
412 755 583 815 vertellen
611 758 674 818 dat
694 757 732 817 jij
752 760 855 820 maar
878 759 968 819 weer
991 760 1155 820 eventjes
1178 762 1250 822 ruim
1299 761 1371 821 drie
1399 761 1464 821 ons
1487 760 1578 820 bent
1601 761 1880 821 aangekomen.
1903 760 2049 820 Dokter

352 831 408 891 zei
429 831 493 891 dan
525 831 589 891 ook
620 831 682 891 een
708 831 914 891 schandaal
938 831 997 891 van
1026 831 1087 891 een
1113 833 1203 893 kind
1230 831 1268 891 en
1294 831 1436 891 voegde
1462 834 1495 894 er
1519 834 1575 894 aan
1606 834 1663 894 toe
1689 834 1751 894 dat
1772 834 1800 894 ik
1828 834 1890 894 per
1914 834 1973 894 dag
2007 832 2042 892 20

353 898 433 958 gram
483 903 574 963 melk
607 903 760 963 minder
782 903 890 963 krijg.
915 904 990 964 Cor
1015 905 1117 965 heeft
1140 906 1195 966 me
1223 906 1383 966 vandaag
1414 906 1483 966 tien
1514 906 1666 966 minder
1688 906 1868 966 gegeven,
1891 906 2043 966 morgen

353 978 444 1038 krijg
472 978 496 1038 ik
527 978 671 1038 twintig
699 978 862 1038 minder.
882 978 925 1038 En
956 978 984 1038 ik
1012 978 1078 1038 ben
1106 978 1189 1038 toch
1217 978 1288 1038 zon
1319 980 1535 1040 smulpaap.
1557 979 1662 1039 Onze
1685 978 2030 1038 bovenhuurvrouw

346 1049 531 1109 Mevrouw
577 1051 798 1111 Kappelhot
822 1049 887 1109 kan
917 1051 996 1111 zich
1023 1050 1102 1110 niet
1124 1049 1317 1109 indenken
1350 1049 1412 1109 dat
1435 1050 1464 1110 ik
1494 1051 1649 1111 morgen
1682 1049 1744 1109 pas
1769 1051 1834 1111 vijf
1859 1052 2043 1112 maanden

350 1122 475 1182 word,
493 1123 539 1183 zij
561 1123 672 1183 dacht
697 1124 756 1184 van
786 1122 892 1182 zeven
919 1124 1128 1184 maanden.
1148 1124 1226 1184 Het
1246 1124 1271 1184 is
1293 1124 1352 1184 een
1382 1124 1453 1184 lust
1476 1124 1515 1184 om
1559 1124 1628 1184 mij
1648 1124 1677 1184 te
1702 1124 1798 1184 zien.

349 1267 385 1327 25
412 1267 482 1327 mei
504 1267 588 1327 1943

359 1338 526 1398 Vandaag
560 1336 627 1396 ben
661 1336 689 1396 ik
725 1336 790 1396 vijf
819 1336 1004 1396 maanden
1038 1338 1076 1398 en
1110 1336 1175 1396 het
1201 1338 1227 1398 is
1255 1339 1312 1399 me
1346 1337 1405 1397 aan
1439 1337 1469 1397 te
1501 1338 1598 1398 zien.
1630 1340 1862 1400 Vanmorgen
1896 1340 1963 1400 zijn
1999 1339 2061 1399 we

350 1407 528 1467 ondlanks
557 1407 619 1467 dat
640 1407 704 1467 het
728 1407 965 1467 regenachtig
997 1408 1063 1468 was
1090 1410 1167 1470 met
1190 1408 1258 1468 zijn
1291 1407 1410 1467 drieen
1441 1410 1529 1470 naar
1555 1410 1596 1470 de
1622 1410 1764 1470 notaris
1790 1407 1963 1467 geweest.
1994 1408 2061 1468 We

347 1479 497 1539 zouden
529 1479 593 1539 net
615 1481 701 1541 gaan
736 1479 819 1539 toen
852 1481 886 1541 er
908 1481 1112 1541 luchtalarm
1162 1482 1260 1542 kwam
1312 1482 1351 1542 en
1381 1482 1442 1542 wij
1469 1481 1533 1541 dus
1561 1482 1730 1542 moesten
1763 1482 1949 1542 wachten.
1977 1483 2050 1543 Het

347 1549 419 1609 was
447 1551 619 1611 gelukkig
647 1551 730 1611 snel
752 1551 844 1611 weer
869 1551 936 1611 vrij
961 1551 997 1611 en
1028 1553 1089 1613 wij
1114 1554 1244 1614 gingen
1278 1554 1339 1614 van
1373 1554 1411 1614 de
1439 1557 1726 1617 keizersgracht
1748 1557 1834 1617 naar
1859 1557 1959 1617 huis,
1984 1557 2042 1617 een

352 1621 532 1681 heerlijke
561 1624 794 1684 wandeling.
818 1623 873 1683 De
902 1624 1016 1684 trams
1043 1624 1161 1684 waren
1193 1625 1381 1685 afgeladen
1415 1625 1452 1685 en
1487 1625 1526 1685 de
1555 1625 1709 1685 mensen
1738 1628 1899 1688 stonden
1934 1628 1973 1688 op
2010 1626 2044 1686 de

349 1697 615 1757 treeplanken,
638 1697 675 1757 of
692 1695 806 1755 liever
826 1697 979 1757 gezegd,
999 1698 1135 1758 hingen
1164 1700 1201 1760 er
1221 1700 1292 1760 nog
1318 1700 1380 1760 het
1403 1698 1485 1758 aan.
1505 1699 1584 1759 Het
1604 1698 1630 1758 is
1653 1697 1854 1757 hopeloos.
1880 1699 1937 1759 We
1960 1695 2047 1755 heb-

346 1769 415 1829 ben
447 1770 513 1830 ook
545 1770 810 1830 conductrices
834 1771 1011 1831 gekregen
1041 1769 1078 1829 en
1105 1772 1346 1832 vrouwelijke
1370 1769 1667 1829 postbestellers.
1696 1772 1749 1832 We
1773 1770 1913 1830 krijgen
1940 1772 2049 1832 vrou-

346 1838 493 1898 welijke
520 1841 761 1901 controleurs
783 1843 836 1903 bij
858 1841 895 1901 de
920 1841 1190 1901 spoorwegen.

344 1912 381 1972 Ik
415 1912 480 1972 heb
515 1912 600 1972 toen
631 1914 702 1974 nog
737 1915 776 1975 de
805 1915 884 1975 hele
913 1916 1066 1976 middag
1098 1918 1225 1978 buiten
1260 1918 1427 1978 gestaan.
1453 1916 1510 1976 Om
1556 1917 1638 1977 half
1664 1915 1729 1975 vijf
1752 1915 1851 1975 kwam
1905 1916 1931 1976 ik
1965 1915 2047 1975 bin-

352 1984 425 2044 nen
455 1984 493 2044 en
523 1985 625 2045 kreeg
656 1986 745 2046 mijn
775 1988 1031 2048 tomatensap,
1056 1987 1118 2047 dat
1140 1987 1164 2047 is
1192 1990 1229 2050 de
1256 1990 1359 2050 enige
1386 1990 1586 2050 fruitsoort
1614 1990 1651 2050 op
1682 1987 1746 2047 het
1768 1990 1965 2050 ogenblik.
1993 1988 2057 2048 We

352 2055 502 2115 hebben
538 2055 569 2115 al
593 2057 682 2117 twee
713 2058 899 2118 maanden
933 2058 995 2118 een
1027 2058 1098 2118 bon
1134 2059 1225 2119 voor
1252 2061 1555 2121 sinaasappelen,
1582 2060 1682 2120 maar
1711 2058 1766 2118 die
1797 2061 1864 2121 zijn
1898 2061 1933 2121 er
1960 2061 2051 2121 niet.

349 2124 558 2184 Aardbeien
593 2126 664 2186 nog
699 2125 768 2185 wel
795 2126 879 2186 eens
909 2127 970 2187 een
1005 2127 1116 2187 enkel
1140 2127 1297 2187 keertje.
1323 2130 1482 2190 Morgen
1517 2128 1806 2188 waarschijnlijk
1841 2127 1947 2187 weer.
1974 2128 2043 2188 Een

346 2197 630 2257 bloemkooltje
654 2199 738 2259 kost
757 2197 892 2257 f.O.80,
932 2199 969 2259 en
998 2199 1059 2259 een
1086 2202 1414 2262 komkommertje
1439 2202 1619 2262 f.O,50,,
1638 2200 1698 2260 een
1728 2201 1759 2261 ei
1778 2201 1804 2261 f.
1826 2200 1860 2260 O,
1871 2199 1963 2259 90,,
1985 2199 2043 2259 een

352 2268 439 2328 liter
461 2269 555 2329 melk
582 2268 609 2328 f.
631 2267 718 2327 1165.
745 2270 847 2330 Vlees
869 2270 896 2330 f.
915 2270 996 2330 13,,
1018 2270 1078 2330 een
1105 2271 1227 2331 kaasje
1251 2271 1313 2331 van
1343 2270 1433 2330 twee
1457 2270 1560 2330 pond
1587 2271 1700 2331 f.18,,
1723 2271 1782 2331 een
1809 2273 1874 2333 ham
1923 2273 1982 2333 van
2015 2270 2047 2330 25

355 2339 459 2399 pond
486 2342 512 2402 f.
536 2341 643 2401 400,-
664 2341 748 2401 enz,
769 2342 850 2402 enz.

357 2413 527 2473 Vandaag
559 2411 726 2471 moesten
755 2413 791 2473 er
817 2412 910 2472 zooo
941 2415 1070 2475 joodse
1096 2417 1248 2477 mensen
1279 2414 1369 2474 weg.
1395 2414 1475 2474 Ook
1506 2414 1656 2474 moeten
1687 2414 1775 2474 onze
1803 2414 2046 2474 dienstplich

346 2480 447 2540 tigen
478 2482 688 2542 opkomen.
711 2482 753 2542 Er
776 2483 898 2543 heerst
921 2485 981 2545 een
1009 2487 1097 2547 ware
1124 2485 1492 2545 paniekstemming.
1513 2485 1634 2545 ledere
1663 2485 1784 2545 avond
1806 2485 1901 2545 laten
1930 2482 1989 2542 wij
2013 2484 2046 2544 de

348 2554 514 2614 baelkuip
550 2554 612 2614 vol
636 2556 747 2616 water
770 2558 905 2618 lopen,
928 2557 1039 2617 zodat
1066 2559 1241 2619 wanneer
1267 2560 1301 2620 er
1327 2560 1397 2620 wat
1423 2560 1596 2620 gebeurt,
1622 2558 1681 2618 wij
1708 2560 1912 2620 tenminste
1941 2557 2049 2617 water

349 2629 521 2689 hebben.
545 2631 699 2691 Plukkie
723 2630 791 2690 ligt
815 2631 844 2691 in
874 2632 963 2692 mijn
993 2632 1117 2692 wagen
1147 2632 1177 2692 te
1204 2631 1349 2691 slapen.
1370 2632 1438 2692 Hij
1459 2632 1568 2692 vindt
1592 2631 1696 2691 altijd
1723 2632 1782 2692 dat
1803 2632 1859 2692 hij
1883 2632 1948 2692 ook
1978 2633 2043 2693 nog

342 2703 499 2763 rechten
527 2702 644 2762 heeft.
666 2702 720 2762 De
747 2704 823 2764 tuin
853 2704 922 2764 ziet
946 2702 979 2762 er
1001 2702 1150 2762 heerlijk
1180 2706 1243 2766 fris
1265 2705 1322 2765 uit
1344 2703 1379 2763 en
1409 2703 1439 2763 ik
1469 2703 1559 2763 slaap
1592 2704 1622 2764 in
1652 2703 1692 2763 de
1717 2704 1956 2764 slaapkamer
1978 2704 2052 2764 met

349 2775 418 2835 het
437 2775 540 2835 grote
562 2775 631 2835 hor
654 2775 684 2835 in
715 2775 754 2835 de
782 2775 884 2835 der,
904 2775 1053 2835 heerlijk
1081 2778 1159 2838 fris.
1181 2776 1264 2836 Met
1287 2777 1348 2837 een
1373 2778 1536 2838 lachend
1559 2778 1706 2838 gezicht
1725 2776 1792 2836 heb
1823 2776 1850 2836 ik
1878 2778 2050 2838 vanmid-

349 2849 418 2909 dag
451 2849 514 2909 een
546 2849 691 2909 bolusje
723 2848 761 2908 op
796 2847 911 2907 Greet
938 2849 1024 2909 haar
1051 2851 1187 2911 schoot
1216 2849 1373 2909 gedaan.
1402 2850 1587 2910 Gelukkig
1620 2849 1669 2909 lag
1704 2849 1738 2909 er
1765 2848 1837 2908 nog
1869 2849 1929 2909 een
1962 2849 2051 2909 huier

349 2922 471 2982 onder
507 2921 585 2981 Cor
607 2921 694 2981 doet
716 2921 835 2981 iedere
862 2921 981 2981 avond
1006 2923 1237 2983 gymnastiek
1267 2921 1345 2981 met
1365 2921 1432 2981 mij
1454 2922 1487 2982 zo
1514 2924 1571 2984 zal
1590 2923 1617 2983 ik
1644 2922 1712 2982 wel
1731 2921 1826 2981 lenig
1854 2921 2008 2981 blijven.
