2479 3508
438 336 479 396 26
504 333 580 393 mei
602 334 687 394 1943

454 404 683 464 Vanmiddag
712 401 950 461 luchtalarm.
967 401 1001 461 Ik
1030 401 1126 461 werd
1149 401 1225 461 snel
1246 403 1336 463 weer
1356 401 1495 461 binnen
1524 404 1694 464 gehaald.
1714 402 1790 462 Het
1813 404 1952 464 duurde
1981 406 2145 466 gelukkig

450 476 531 536 niet
548 477 645 537 lang,
664 476 745 536 toen
773 473 905 533 mocht
925 475 949 535 ik
976 473 1068 533 weer
1087 476 1171 536 naar
1190 476 1336 536 buiten.
1358 473 1483 533 Joodse
1508 474 1637 534 wijken
1662 476 1727 536 zijn
1754 476 1892 536 afgezet
1912 476 2090 536 vandaag.
2109 479 2150 539 Er

442 548 577 608 mocht
598 547 775 607 niemand
801 545 830 605 in
859 545 895 605 of
916 547 983 607 uit,
1002 548 1036 608 zo
1062 545 1127 605 zijn
1156 547 1189 607 er
1210 548 1293 608 zzoo
1322 548 1450 608 joodse
1473 545 1624 605 mensen
1653 548 1903 608 weggehaald.

448 619 484 679 lk
512 619 575 679 heb
606 619 664 679 sijn
695 619 883 679 aardbeien
914 619 1027 679 gehad
1052 619 1213 679 vandaag
1241 619 1277 679 en
1305 619 1371 679 ook
1399 619 1651 679 tomatensap.
1671 619 1704 679 Ik
1732 619 1820 679 vind
1843 620 1906 680 het
1926 622 1967 682 nu
1998 619 2142 679 heerlijk

445 693 485 753 en
515 694 654 754 verlang
684 692 716 752 er
738 691 891 751 gewoon
921 694 1004 754 naar
1031 694 1044 754 's
1069 694 1254 754 middags.

440 839 480 899 27
505 839 580 899 mei
599 838 685 898 1943

453 911 686 971 Vanmorgen
712 910 775 970 zijn
802 909 850 969 we
871 909 961 969 weer
980 911 1062 971 naar
1083 910 1120 970 de
1141 911 1279 971 notaris
1300 909 1467 969 geweest,
1483 910 1546 970 het
1565 909 1631 969 was
1652 909 1711 969 een
1735 911 1904 971 heerlijke
1928 912 2148 972 wandeling,

448 984 488 1044 zo
515 983 593 1043 met
615 983 680 1043 zijn
710 984 848 1044 drieen.
873 984 926 1044 bij
951 984 986 1044 de
1013 984 1151 1044 notaris
1176 984 1295 1044 moest
1317 984 1341 1044 ik
1373 984 1403 1044 in
1433 984 1471 1044 de
1498 982 1587 1042 gang
1614 982 1744 1042 blijven
1771 983 1890 1043 staan,
1912 981 1936 1041 ik
1969 981 2031 1041 heb
2061 983 2139 1043 toen

448 1052 673 1112 ontzettend
697 1054 862 1114 gehuild.
882 1055 911 1115 Ik
939 1055 1041 1115 houd
1066 1055 1171 1115 alleen
1199 1057 1299 1117 maar
1318 1055 1377 1115 van
1405 1055 1494 1115 mijn
1521 1055 1619 1115 eigen
1646 1055 1741 1115 huis.
1760 1055 1792 1115 Ik
1819 1055 1868 1115 zie
1890 1055 1952 1115 het
1971 1055 2085 1115 direct
2107 1056 2147 1116 als

442 1124 472 1184 ik
497 1124 551 1184 bij
567 1125 760 1185 vreemden
785 1124 872 1184 ben,
888 1126 918 1186 ik
943 1124 1008 1184 ben
1035 1126 1184 1186 gewend
1209 1130 1266 1190 aan
1291 1127 1380 1187 mijn
1405 1124 1503 1184 eigen
1530 1124 1745 1184 omgeving.
1764 1127 1864 1187 Eerst
1884 1127 1946 1187 nam
1990 1127 2065 1187 Cor
2085 1125 2147 1185 mij

446 1198 489 1258 op
517 1198 602 1258 haar
623 1198 714 1258 arm,
734 1198 830 1258 want
850 1198 875 1258 ik
903 1198 1027 1258 huilde
1050 1198 1125 1258 met
1146 1198 1247 1258 echte
1270 1200 1393 1260 tranen
1418 1198 1456 1258 en
1482 1198 1598 1258 snikte
1621 1198 1744 1258 ervan.
1765 1198 1908 1258 Daarna
1934 1198 1994 1258 nam
2040 1196 2148 1256 Greet

437 1268 526 1328 mij,
548 1268 634 1328 mijn
668 1265 791 1325 wagen
824 1267 919 1327 werd
944 1268 1072 1328 huiten
1103 1270 1281 1330 gebracht
1307 1270 1345 1330 en
1376 1270 1404 1330 ik
1438 1270 1535 1330 werd
1560 1270 1688 1330 buiten
1719 1270 1749 1330 in
1783 1270 1822 1330 de
1850 1270 1975 1330 wagen
2006 1270 2148 1330 gelegd,

449 1338 551 1398 want
576 1342 603 1402 ik
634 1340 703 1400 had
731 1339 847 1399 steeds
875 1341 1031 1401 verdriet
1056 1342 1100 1402 als
1125 1342 1152 1402 ik
1186 1344 1308 1404 moest
1328 1342 1468 1402 liggen.
1497 1342 1552 1402 We
1577 1342 1724 1402 hebben
1752 1341 1851 1401 terug
1882 1341 1973 1401 weer
1999 1342 2142 1402 heerlijk

454 1412 686 1472 gewandeld,
703 1410 768 1470 zijn
795 1411 879 1471 even
903 1413 941 1473 de
966 1413 1090 1473 Albert
1109 1415 1333 1475 Cuypstraat
1355 1416 1390 1476 op
1418 1415 1574 1475 geweest
1594 1416 1631 1476 om
1675 1416 1701 1476 te
1723 1414 1842 1474 kijken
1870 1413 1904 1473 of
1924 1413 1956 1473 er
1975 1413 2043 1473 wat
2062 1414 2143 1474 truit

442 1483 530 1543 was.
551 1483 605 1543 De
628 1482 779 1542 mensen
805 1485 963 1545 stonden
989 1487 1017 1547 in
1044 1488 1150 1548 lange
1171 1485 1248 1545 hles
1269 1488 1357 1548 voor
1378 1488 1417 1548 de
1440 1488 1591 1548 groente
1617 1488 1759 1548 tenten,
1778 1488 1814 1548 er
1835 1488 1902 1548 was
1926 1488 2006 1548 geen
2035 1488 2135 1548 truit.

453 1554 512 1614 We
540 1554 683 1614 hebben
713 1559 794 1619 toen
824 1558 1016 1618 aardbeien
1043 1560 1121 1620 hier
1143 1560 1175 1620 in
1205 1560 1243 1620 de
1270 1563 1378 1623 straat
1403 1562 1576 1622 gekregen
1609 1560 1644 1620 en
1674 1560 1700 1620 ik
1730 1560 1795 1620 heb
1828 1560 1863 1620 er
1885 1560 1944 1620 een
1974 1560 2057 1620 paar
2082 1560 2139 1620 van

440 1627 593 1687 gehad.

453 1703 655 1763 Vanavond
680 1701 763 1761 acht
783 1703 851 1763 uur
871 1704 1106 1764 luchtalarm,
1126 1706 1153 1766 ik
1181 1703 1244 1763 ben
1272 1705 1308 1765 er
1328 1703 1497 1763 gesukkig
1522 1705 1613 1765 door
1632 1703 1721 1763 heen
1749 1706 1915 1766 geslapen
1943 1706 1978 1766 en
2003 1706 2058 1766 zal
2075 1707 2141 1767 nog

445 1775 540 1835 door
562 1774 681 1834 slapen
709 1773 762 1833 tot
782 1773 849 1833 tien
880 1774 958 1834 uut.
980 1775 1056 1835 Dan
1083 1775 1170 1835 krijg
1197 1777 1224 1837 ik
1252 1775 1339 1835 mijn
1366 1777 1488 1837 laatste
1513 1775 1667 1835 voeding
1697 1776 1732 1836 en
1760 1776 1844 1836 gaan
1871 1775 1920 1835 we
1945 1775 2083 1835 slapen.

445 1912 484 1972 28
511 1914 579 1974 mei
601 1914 680 1974 1943

452 1980 555 2040 Weer
578 1987 777 2047 luchtalarm
829 1987 1007 2047 vandaag.
1038 1987 1226 2047 Vannacht
1252 1985 1317 2045 zijn
1348 1984 1381 2044 er
1408 1984 1441 2044 o,
1467 1985 1500 2045 zo
1531 1984 1606 2044 veel
1630 1987 1978 2047 bommenwerpers
2007 1986 2143 2046 overge¬

442 2055 602 2115 komen,
623 2055 656 2115 er
677 2054 773 2114 werd
797 2055 1011 2115 geschoten,
1032 2057 1107 2117 niet
1128 2057 1161 2117 zo
1190 2052 1242 2112 erg
1270 2054 1314 2114 als
1338 2055 1480 2115 anders,
1501 2057 1602 2117 maar
1623 2057 1733 2117 Greet
1754 2056 1790 2116 en
1820 2055 1897 2115 Cor
1918 2057 1980 2117 zijn
2008 2058 2042 2118 er
2063 2058 2143 2118 toch

445 2127 531 2187 even
562 2128 773 2188 uitgegaan.
801 2127 855 2187 We
879 2127 1023 2187 hebben
1050 2126 1267 2186 gewandeld
1295 2130 1541 2190 vanmorgen,
1561 2130 1626 2190 zijn
1653 2130 1740 2190 naar
1764 2130 1802 2190 de
1829 2130 1960 2190 dokter
1982 2130 2147 2190 geweest.

443 2199 494 2259 Ze
522 2199 576 2259 zat
599 2199 701 2259 volop
736 2199 766 2259 in
798 2199 838 2259 de
867 2199 1097 2259 verhuizing.
1123 2200 1179 2260 Op
1211 2202 1296 2262 haar
1319 2202 1401 2262 huis
1427 2201 1458 2261 in
1490 2199 1529 2259 de
1561 2199 1802 2259 Tenierstraat
1825 2199 1848 2259 is
1874 2200 1990 2260 beslag
2022 2199 2138 2259 gelegd

445 2268 542 2328 door
567 2268 606 2328 de
631 2270 816 2330 Duitsers,
839 2270 899 2330 dat
919 2270 944 2330 is
966 2271 1010 2331 nu
1041 2273 1105 2333 het
1124 2273 1202 2333 hele
1224 2273 1304 2333 blok
1338 2273 1639 2333 Museumplein.
1656 2273 1689 2333 Ik
1720 2273 1806 2333 vind
1831 2271 1894 2331 het
1914 2272 2058 2332 heerlijk
2091 2274 2141 2334 die

448 2342 707 2402 wandelingen
736 2343 812 2403 met
834 2344 910 2404 Oor
931 2345 968 2405 en
997 2345 1108 2405 Greet
1132 2345 1169 2405 en
1195 2345 1222 2405 ik
1251 2344 1406 2404 probeer
1431 2347 1491 2407 dan
1526 2346 1589 2406 ook
1618 2345 1734 2405 iedere
1758 2343 1840 2403 keer
1864 2344 1900 2404 om
1948 2346 2093 2406 wakker
2115 2348 2141 2408 te

445 2415 603 2475 blijven,
620 2420 719 2480 maar
745 2417 780 2477 op
811 2418 872 2478 het
892 2417 997 2477 einde
1022 2420 1083 2480 dan
1114 2418 1178 2478 ben
1206 2420 1233 2480 ik
1261 2420 1294 2480 zo
1320 2420 1350 2480 in
1378 2420 1467 2480 slaap
1497 2420 1714 2480 gesukkeld.

440 2563 479 2623 29
503 2563 572 2623 mei
594 2563 676 2623 1943
700 2561 865 2621 zaterdag

445 2632 678 2692 Vanmorgen
711 2635 909 2695 luchtalarm
961 2635 1040 2695 met
1064 2637 1208 2697 gevolg.
1233 2636 1303 2696 Een
1333 2635 1442 2695 bom.
1466 2635 1499 2695 Ik
1532 2635 1629 2695 werd
1659 2635 1773 2695 direct
1798 2635 1890 2695 weer
1915 2637 1971 2697 uit
1996 2638 2037 2698 de
2064 2636 2137 2696 tuin

447 2706 620 2766 gehaald,
637 2706 666 2766 ik
693 2706 755 2766 zou
783 2706 845 2766 net
864 2708 947 2768 gaan
975 2707 1116 2767 slapen.
1138 2709 1243 2769 Lante
1270 2708 1386 2768 Annie
1411 2707 1478 2767 was
1500 2709 1532 2769 er
1554 2709 1644 2769 ook.
1663 2708 1720 2768 Zij
1739 2708 1868 2768 bracht
1890 2709 1977 2769 voor
1999 2709 2061 2769 mij
2083 2710 2139 2770 een

444 2778 542 2838 Hesje
568 2780 798 2840 tomatensap
829 2781 924 2841 mee.
948 2781 976 2841 Ik
1008 2781 1077 2841 was
1100 2782 1260 2842 vandaag
1289 2781 1348 2841 een
1375 2780 1490 2840 beetje
1519 2781 1708 2841 verdrietig
1734 2781 1772 2841 en
1801 2784 1827 2844 ik
1858 2782 2000 2842 maakte
2029 2781 2083 2841 me
2109 2781 2139 2841 zo

445 2852 701 2912 zenuwachtig
731 2853 789 2913 van
818 2852 882 2912 het
903 2853 1046 2913 huilen,
1070 2852 1131 2912 dat
1152 2852 1178 2912 ik
1208 2852 1324 2912 steeds
1348 2852 1510 2912 boertjes
1531 2854 1653 2914 moest
1674 2853 1788 2913 laten.
1809 2853 1899 2913 Ioen
1929 2852 1992 2912 heb
2024 2852 2050 2912 ik
2082 2853 2140 2913 van

447 2922 563 2982 Greet
588 2926 832 2986 venkelwater
857 2926 1028 2986 gekregen
1062 2927 1097 2987 en
1131 2927 1261 2987 daarna
1286 2927 1352 2987 ben
1383 2927 1410 2987 ik
1441 2927 1552 2987 rustig
1583 2927 1665 2987 gaan
1696 2926 1837 2986 slapen.
1865 2927 2089 2987 Vanmiddag
2122 2927 2144 2987 is

433 2999 547 3059 Frans
569 2998 627 3058 van
656 2998 848 3058 Deventer
867 2996 1034 3056 geweest.
1057 2999 1168 3059 Greet
1188 2999 1288 3059 heeft
1307 3000 1363 3060 me
1388 2999 1491 3059 vroeg
1516 3001 1600 3061 naar
1619 2999 1686 3059 bed
1711 3000 1889 3060 gebracht
1909 2999 1945 3059 en
1973 3001 2140 3061 gelukkig

435 3070 506 3130 ben
534 3070 560 3130 ik
588 3069 691 3129 vroeg
719 3071 746 3131 in
773 3073 863 3133 slaap
896 3070 1073 3130 gevallen,
1092 3070 1239 3130 hoewel
1259 3070 1283 3130 ik
1311 3073 1430 3133 steeds
1452 3070 1537 3130 even
1561 3070 1708 3130 wakker
1728 3071 1842 3131 werd.
