2479 3508
352 329 388 389 30
412 327 482 387 mei
501 327 582 387 1943
608 327 741 387 zondag

355 395 524 455 Vandaag
555 395 580 455 is
608 395 669 455 een
703 395 830 455 zwarte
858 398 1041 458 bladzijde
1069 398 1099 458 in
1133 398 1222 458 mijn
1255 398 1524 458 geschiedenis.
1553 398 1616 458 Ten
1650 398 1758 458 eerste
1786 398 1852 458 ben
1886 398 1913 458 ik
1947 401 2055 461 niets,

350 470 453 530 maar
477 467 539 527 dan
572 467 634 527 ook
666 467 759 527 niets
782 472 1056 532 aangekomen.
1080 470 1121 530 En
1155 472 1235 532 toen
1264 470 1297 530 o,
1318 470 1440 530 ramp,
1458 471 1572 531 Greet
1593 472 1629 532 en
1658 471 1735 531 Cor
1759 471 1854 531 zaten
1885 473 1942 533 aan
1971 474 2056 534 tatel

351 542 395 602 en
420 542 445 602 ik
470 543 520 603 lag
548 543 583 603 op
614 543 653 603 de
678 545 800 605 divan;
820 545 911 605 zoals
931 545 1047 605 iedere
1070 545 1208 605 zondag
1234 544 1361 604 maken
1389 544 1433 604 zij
1453 542 1581 602 (Greet
1600 542 1636 602 en
1661 542 1755 602 Cor)
1775 544 1814 604 na
1839 545 1900 605 het
1920 545 2052 605 ontbijt

353 610 418 670 een
449 613 645 673 duizendje
676 613 903 673 (kaartspel,
926 615 962 675 zo
991 615 1059 675 ook
1091 616 1130 676 mu
1181 615 1292 675 Greet
1315 615 1386 675 had
1411 616 1442 676 al
1465 616 1615 676 gezegd,
1638 616 1706 676 kijk
1738 616 1800 676 dat
1823 616 1939 676 kleine
1970 617 2047 677 ding

357 683 532 743 probeert
557 684 632 744 zich
662 686 703 746 om
749 686 782 746 te
809 688 974 748 draaien.
998 685 1066 745 Een
1096 688 1193 748 smak
1226 688 1264 748 en
1294 688 1440 748 huilen,
1465 689 1502 749 en
1535 689 1616 749 daar
1641 688 1689 748 lag
1722 688 1749 748 ik
1782 690 1819 750 op
1855 691 1895 751 de
1922 690 2055 750 grond.

354 757 505 817 Haastig
534 754 674 814 werden
704 757 741 817 de
765 758 910 818 kaarten
937 760 1234 820 neergesmeten.
1256 760 1332 820 Cor
1351 760 1470 820 raapte
1497 760 1560 820 mij
1582 760 1642 820 het
1664 759 1753 819 eerst
1778 758 1836 818 op,
1854 759 1881 819 ik
1910 760 2056 820 brulde,

346 828 431 888 toen
458 828 521 888 nam
567 828 678 888 Greet
700 828 763 888 mij
788 829 867 889 over
889 830 923 890 en
953 830 1029 890 Cor
1048 831 1176 891 haalde
1200 831 1258 891 een
1283 831 1399 891 beetje
1424 830 1532 890 water
1551 829 1580 889 in
1607 829 1695 889 mijn
1721 831 1798 891 Hes.
1815 831 1846 891 lk
1876 830 1939 890 heb
1969 831 2046 891 toen

355 900 421 960 een
446 900 531 960 paar
551 901 684 961 slokjes
706 901 919 961 gedronken
947 903 983 963 en
1011 902 1107 962 kwam
1155 900 1246 960 weer
1266 902 1332 962 bij:
1352 903 1440 963 Ioen
1471 902 1532 962 heb
1562 902 1590 962 ik
1618 903 1717 963 tegen
1748 903 1858 963 Greet
1881 903 2047 963 gelachen

348 974 447 1034 door
468 975 555 1035 mijn
583 975 708 1035 tranen
736 975 846 1035 heen.
867 972 943 1032 Het
964 974 1032 1034 was
1056 975 1109 1035 me
1138 975 1196 1035 een
1222 974 1357 1034 schrik.

348 1043 551 1103 Plotseling
577 1046 709 1106 bezoek
738 1045 838 1105 heeft
858 1045 921 1105 het
939 1046 1116 1106 schrijven
1145 1047 1388 1107 afgebroken.

350 1195 387 1255 31
413 1193 485 1253 mei
504 1193 588 1253 1943

361 1258 421 1318 We
448 1261 510 1321 zijn
540 1265 699 1325 vandaag
727 1264 802 1324 met
824 1264 889 1324 ons
914 1264 1030 1324 drieen
1060 1264 1143 1324 naar
1165 1264 1227 1324 het
1249 1265 1625 1325 distributiekantoor
1647 1264 1815 1324 geweest.
1842 1261 1896 1321 We
1920 1266 2045 1326 kregen

346 1336 492 1396 nieuwe
515 1336 809 1396 textielkaarten,
827 1336 925 1396 maar
946 1336 1006 1396 dat
1022 1337 1120 1397 heeft
1139 1337 1214 1397 niet
1232 1338 1308 1398 veel
1323 1339 1397 1399 zin,
1415 1339 1546 1399 omdat
1564 1339 1597 1399 er
1615 1338 1698 1398 geen
1724 1338 1848 1398 tertiel
1866 1339 1891 1399 te
1914 1339 2048 1399 krijgen

351 1409 395 1469 1s.
417 1407 448 1467 Ik
476 1407 525 1467 lag
556 1407 704 1467 heerlijk
732 1407 762 1467 in
793 1407 879 1467 mijn
910 1409 1032 1469 wagen
1060 1410 1146 1470 naar
1171 1407 1210 1467 de
1238 1407 1360 1467 mooie
1388 1410 1491 1470 lucht
1517 1408 1544 1468 te
1569 1412 1711 1472 kijken,
1731 1410 1833 1470 maar
1856 1410 2047 1470 plotseling

356 1479 441 1539 brak
467 1478 502 1538 er
520 1478 578 1538 een
605 1481 774 1541 riempje,
790 1481 872 1541 toen
896 1478 1042 1538 hebben
1066 1481 1176 1541 Greet
1195 1482 1232 1542 en
1256 1480 1332 1540 Cor
1354 1481 1428 1541 met
1444 1481 1576 1541 behulp
1605 1482 1663 1542 van
1693 1482 1751 1542 een
1775 1482 1970 1542 jongeman
1997 1483 2055 1543 het

350 1551 506 1611 riempje
531 1553 700 1613 gemaakt
722 1551 758 1611 en
786 1551 817 1611 er
836 1551 894 1611 een
921 1551 1072 1611 touwtje
1096 1554 1253 1614 omheen
1279 1554 1497 1614 gebonden.
1516 1554 1571 1614 Op
1598 1553 1659 1613 het
1680 1553 2052 1613 distributiekantoor

359 1622 482 1682 moest
506 1622 616 1682 Greet
637 1623 717 1683 lang
745 1625 928 1685 wachten,
949 1625 1026 1685 niet
1049 1625 1108 1685 dat
1129 1625 1191 1685 het
1214 1625 1296 1685 druk
1330 1626 1412 1686 was,
1433 1625 1536 1685 maar
1557 1626 1642 1686 och,
1663 1627 1729 1687 kom
1776 1625 1804 1685 ik
1833 1625 1868 1685 er
1889 1627 2046 1687 vandaag

356 1696 436 1756 niet
462 1694 524 1754 dan
555 1695 622 1755 kom
669 1696 697 1756 ik
728 1696 762 1756 er
785 1697 935 1757 morgen
966 1697 1033 1757 was
1056 1697 1134 1757 hier
1157 1699 1219 1759 van
1248 1699 1454 1759 toepassing
1486 1697 1524 1757 en
1553 1697 1612 1757 wij
1636 1697 1863 1757 slachtofters
1889 1697 2051 1757 wachten

348 1766 525 1826 lijdelijk.
551 1767 606 1827 We
631 1769 698 1829 zijn
729 1769 809 1829 toen
840 1769 923 1829 even
954 1769 992 1829 op
1026 1769 1065 1829 de
1093 1771 1373 1831 Ceintuurbaan
1404 1772 1487 1832 gaan
1518 1770 1645 1830 zitten.
1668 1769 1782 1829 Greet
1807 1771 1946 1831 verloor
1971 1770 2051 1830 haar

352 1842 558 1902 kammetje
585 1840 622 1900 en
657 1840 718 1900 dat
739 1841 765 1901 is
792 1843 850 1903 een
882 1843 1057 1903 kapitaal,
1081 1843 1274 1903 aangezien
1304 1841 1330 1901 je
1360 1841 1420 1901 dat
1444 1843 1553 1903 alleen
1585 1843 1661 1903 met
1683 1842 1778 1902 hoge
1805 1842 1932 1902 kosten
1961 1844 2054 1904 kunt

352 1913 637 1973 bemachtigen.
661 1913 729 1973 t'en
756 1913 892 1973 speldje
919 1915 1006 1975 voor
1028 1915 1090 1975 het
1109 1915 1196 1975 haar
1215 1915 1242 1975 is
1264 1915 1328 1975 ook
1359 1915 1434 1975 niet
1456 1915 1486 1975 te
1508 1915 1665 1975 krijgen.
1687 1915 1757 1975 Een
1785 1915 1876 1975 klein
1904 1915 2012 1975 zijkam

350 1987 461 2047 metje
488 1987 570 2047 kost
592 1986 682 2046 l.5,.
712 1984 764 2044 We
794 1986 908 2046 waren
938 1987 974 2047 om
1022 1987 1086 2047 vijf
1108 1987 1174 2047 uur
1201 1987 1312 2047 thuis,
1334 1987 1416 2047 toen
1445 1986 1546 2046 kreeg
1576 1986 1605 2046 ik
1631 1985 1721 2045 mijn
1751 1987 1979 2047 tomatensap
2014 1988 2048 2048 en

354 2058 421 2118 heb
450 2057 519 2117 nog
545 2056 599 2116 tot
618 2056 692 2116 halt
711 2056 765 2116 zes
783 2057 910 2117 buiten
936 2058 1099 2118 gestaan,
1120 2059 1249 2119 daarna
1272 2060 1360 2120 mijn
1386 2057 1482 2117 Hesje
1505 2059 1541 2119 en
1567 2059 1653 2119 naar
1674 2058 1759 2118 bed,
1780 2055 1862 2115 even
1888 2057 2048 2117 jengelen

350 2127 450 2187 zoals
474 2127 535 2187 dat
554 2127 670 2187 hoort
692 2127 729 2187 en
758 2127 821 2187 dan
853 2125 993 2185 slapen.

347 2268 464 2328 1juni
488 2269 568 2329 1943
594 2270 741 2330 dinsdag

357 2333 416 2393 We
444 2338 590 2398 hebben
620 2339 704 2399 geen
732 2340 929 2400 luchtalarm
981 2340 1019 2400 de
1044 2339 1165 2399 laatste
1195 2339 1328 2399 dagen,
1350 2340 1450 2400 maar
1475 2339 1513 2399 de
1540 2339 1670 2399 Duitse
1697 2339 1884 2399 toestellen
1915 2342 2050 2402 vliegen

350 2414 387 2474 zo
415 2413 506 2473 laas,
532 2411 592 2471 dat
615 2411 678 2471 het
701 2411 767 2471 ons
790 2410 1040 2470 verwondert,
1063 2411 1123 2471 dat
1146 2411 1181 2471 er
1202 2411 1280 2471 hier
1301 2411 1369 2471 nog
1400 2411 1662 2471 schoorstenen
1695 2411 1733 2471 op
1764 2411 1827 2471 het
1850 2413 1910 2473 dak
1941 2414 2057 2474 staan.

352 2479 387 2539 lk
417 2482 533 2542 schrik
561 2482 595 2542 er
618 2482 682 2542 ook
713 2482 829 2542 iedere
854 2481 935 2541 keer
957 2482 1249 2542 verschrikkelijk
1280 2481 1339 2541 van
1369 2482 1407 2542 en
1434 2484 1488 2544 zet
1510 2484 1608 2544 grote
1635 2485 1722 2545 ogen
1754 2483 1814 2543 op.
1833 2483 1863 2543 lk
1893 2485 1979 2545 krijg
2007 2485 2055 2545 mut

351 2557 604 2617 ligabeschuit
625 2555 663 2615 en
690 2557 778 2617 vind
802 2557 864 2617 het
885 2556 937 2616 erg
961 2556 1099 2616 lekker.
