2479 3508
349 551 362 611 7
389 545 467 605 juni
489 544 570 604 1943
595 545 775 605 maandag

349 611 449 671 Oma
482 613 505 673 is
532 613 694 673 vandaag
726 615 808 675 jarig
840 615 877 675 en
909 614 959 674 we
989 613 1052 673 zijn
1087 613 1153 673 dus
1182 613 1408 673 vanmorgen
1443 613 1479 673 om
1530 614 1620 674 goed
1652 615 1766 675 negen
1798 616 1867 676 uur
1897 616 1933 676 de
1966 617 2050 677 deur

346 685 561 745 uitgegaan.
587 685 641 745 We
665 687 779 747 waren
808 685 844 745 om
888 685 1005 745 kwart
1026 683 1106 743 over
1127 685 1194 745 tien
1220 686 1272 746 bij
1293 688 1391 748 oma.
1412 688 1487 748 Het
1506 687 1617 747 stond
1638 685 1671 745 er
1690 688 1749 748 vol
1770 688 1843 748 met
1861 688 2053 748 bloemen.

352 757 452 817 Oma
482 757 506 817 is
534 759 694 819 vandaag
729 758 764 818 73
792 758 1008 818 geworden.
1030 757 1063 817 Ik
1095 760 1157 820 heb
1193 760 1280 820 mijn
1312 761 1402 821 ogen
1432 760 1673 820 uitgekeken,
1698 759 1790 819 eerst
1814 760 1844 820 in
1877 760 1917 820 de
1945 764 2053 824 tram¬

355 829 440 889 toen
465 828 495 888 in
523 828 561 888 de
586 828 692 888 trein.
712 830 755 890 fr
778 829 846 889 was
866 829 987 889 zoveel
1007 831 1035 891 te
1058 831 1150 891 zien,
1171 831 1206 891 en
1234 831 1264 891 al
1287 832 1322 892 de
1348 831 1496 891 mensen
1521 831 1635 891 keken
1660 833 1746 893 naar
1766 831 1831 891 mij
1862 831 1894 891 lk
1922 831 1985 891 ben
2013 833 2045 893 zo

355 900 501 960 heerlijk
529 900 653 960 bruin.
672 900 705 960 In
732 900 959 960 Heemstede
979 902 1086 962 lopen
1111 905 1279 965 allemaal
1296 904 1553 964 brits-Indiers
1572 903 1647 963 met
1664 904 1821 964 baarden
1846 903 1883 963 en
1908 904 2048 964 tulban¬

353 974 420 1034 den
449 972 488 1032 om
531 975 605 1035 hun
634 975 769 1035 hoofd,
787 975 835 1035 zij
852 975 917 1035 zijn
946 976 1076 1036 Duitse
1099 977 1470 1037 krijgsgevangenen.
1490 976 1567 1036 Het
1587 977 1612 1037 is
1635 978 1762 1038 anders
1785 979 1870 1039 geen
1899 978 2054 1038 gezicht.

362 1041 419 1101 We
445 1045 508 1105 zijn
539 1046 575 1106 om
619 1046 696 1106 half
719 1046 791 1106 drie
813 1047 865 1107 bij
888 1046 982 1106 Oma
1010 1049 1220 1109 weggegaan
1251 1049 1287 1109 en
1315 1051 1431 1111 waren
1459 1048 1498 1108 om
1542 1047 1658 1107 kwart
1681 1049 1766 1109 voor
1789 1049 1860 1109 vier
1883 1049 1993 1109 thuis.
2013 1049 2043 1109 k

346 1120 414 1180 heb
442 1118 523 1178 toen
548 1118 618 1178 nog
640 1118 765 1178 lekker
787 1118 868 1178 even
893 1121 923 1181 in
950 1121 988 1181 de
1010 1123 1086 1183 tuin
1114 1124 1301 1184 geslapen.
1320 1121 1410 1181 Ioen
1437 1124 1535 1184 heeft
1557 1121 1630 1181 Cor
1652 1123 1709 1183 een
1737 1124 1818 1184 paar
1840 1123 1946 1183 uitjes
1968 1122 2046 1182 voor

353 1190 423 1250 mij
445 1193 608 1253 gekookt
632 1192 667 1252 en
695 1190 779 1250 heel
798 1193 854 1253 sijn
885 1195 1071 1255 gemaakt,
1093 1196 1131 1256 en
1158 1196 1220 1256 dat
1240 1196 1302 1256 heb
1335 1196 1361 1256 ik
1391 1196 1467 1256 met
1489 1193 1575 1253 twee
1600 1195 1752 1255 biscuits
1774 1196 1811 1256 en
1841 1195 1930 1255 melk
1963 1194 2050 1254 door

347 1265 472 1325 elkaar
492 1267 662 1327 gegeten.
682 1264 759 1324 Het
779 1264 847 1324 was
867 1266 918 1326 erg
944 1267 1083 1327 lekker,
1097 1269 1199 1329 maar
1219 1267 1245 1327 ik
1273 1267 1344 1327 had
1367 1267 1443 1327 niet
1464 1267 1617 1327 genoeg.
1637 1267 1668 1327 Ik
1697 1267 1759 1327 heb
1791 1267 1870 1327 toen
1899 1267 2046 1327 gebruld

346 1339 391 1399 om
439 1339 550 1399 meet,
572 1339 669 1399 maar
696 1339 757 1399 dat
779 1339 858 1399 ging
887 1339 977 1399 niet,
1001 1341 1097 1401 want
1121 1342 1182 1402 het
1206 1339 1272 1399 was
1299 1339 1357 1399 een
1386 1339 1463 1399 hele
1487 1340 1625 1400 portie.
1649 1339 1736 1399 loen
1766 1339 1866 1399 heeft
1890 1342 1964 1402 Oor
1989 1342 2049 1402 mij

349 1410 505 1470 afgeleid
533 1410 568 1470 en
595 1410 729 1470 daarna
754 1412 839 1472 naar
858 1410 946 1470 bed.
965 1410 995 1470 Ik
1022 1413 1113 1473 slaap
1143 1413 1184 1473 nu
1214 1410 1337 1470 lekker
1359 1412 1485 1472 rustig.

357 1551 371 1611 8
397 1552 475 1612 juni
496 1554 574 1614 1943
600 1554 745 1614 dinsdag

358 1617 416 1677 We
440 1622 503 1682 zijn
530 1624 689 1684 vandaag
713 1625 800 1685 naar
818 1623 855 1683 de
882 1624 1011 1684 dokter
1030 1625 1199 1685 geweest.
1218 1624 1286 1684 Die
1308 1623 1437 1683 woont
1456 1625 1495 1685 nu
1525 1625 1554 1685 in
1580 1625 1620 1685 de
1641 1625 1813 1685 Nicolaas
1834 1625 2051 1685 Maesstraat

356 1694 553 1754 aangezien
581 1694 640 1754 het
662 1696 738 1756 hele
762 1696 843 1756 blok
871 1696 1000 1756 huizen
1031 1697 1087 1757 aan
1115 1697 1177 1757 het
1199 1697 1477 1757 Museumplein
1508 1697 1599 1757 door
1624 1696 1662 1756 de
1686 1697 1854 1757 Duitsers
1876 1697 1906 1757 in
1933 1700 2046 1760 beslag

344 1768 373 1828 is
395 1766 599 1826 genomen.
621 1769 732 1829 Grote
757 1769 920 1829 bunkers
942 1769 1086 1829 worden
1114 1769 1149 1829 er
1171 1769 1206 1829 op
1233 1769 1298 1829 het
1318 1769 1598 1829 Museumplein
1625 1769 1826 1829 gebouwd.
1851 1769 1905 1829 We
1927 1769 1992 1829 zijn
2020 1769 2049 1829 er

346 1838 436 1898 even
463 1837 548 1897 naar
572 1839 688 1899 wezen
715 1841 858 1901 kijken,
880 1840 962 1900 alles
983 1841 1007 1901 is
1031 1843 1108 1903 met
1129 1843 1283 1903 Spaanse
1310 1841 1440 1901 ruiters
1464 1840 1891 1900 (versperringsmiddel:
1913 1840 1987 1900 balk
2019 1840 2053 1900 of

346 1912 441 1972 staat
458 1912 534 1972 met
550 1912 697 1972 scherpe
719 1915 858 1975 pinnen
882 1914 918 1974 of
934 1917 1193 1977 prikkeldraad
1212 1916 1315 1976 erop)
1335 1917 1487 1977 afgezet.
1506 1915 1593 1975 Toen
1618 1915 1680 1975 zijn
1705 1915 1751 1975 we
1773 1916 1857 1976 naar
1877 1915 1914 1975 de
1936 1918 2053 1978 markt

392 1985 490 2045 gaan
519 1985 558 2045 en
585 1984 730 2044 hebben
762 1988 952 2048 aardheien
982 1989 1151 2049 gehaald.
1175 1990 1317 2050 Daarna
1344 1990 1410 2050 zijn
1439 1988 1487 2048 we
1513 1984 1598 2044 even
1630 1988 1666 2048 op
1701 1987 1738 2047 de
1767 1989 2042 2049 Ceintuurbaan

358 2061 443 2121 gaan
471 2058 599 2118 zitten,
618 2058 682 2118 het
701 2058 815 2118 begon
846 2059 906 2119 het
926 2060 956 2120 te
979 2059 1153 2119 regenen.
1173 2061 1203 2121 Ik
1231 2061 1300 2121 was
1322 2061 1466 2121 heerlijk
1494 2061 1525 2121 in
1550 2060 1638 2120 slaap
1672 2060 1888 2120 gesukkeld.
1908 2061 1935 2121 Ik
1963 2062 2049 2122 krijg

353 2127 396 2187 nu
430 2126 601 2186 voortaan
632 2126 720 2186 twee
746 2126 826 2186 keer
849 2127 911 2187 per
934 2128 996 2188 dag
1025 2130 1281 2190 middageten.
1307 2129 1451 2189 Dokter
1472 2130 1570 2190 vond
1596 2129 1661 2189 mij
1684 2129 1743 2189 een
1772 2128 1888 2188 schat.
1909 2130 2051 2190 Dokter

355 2196 460 2256 heeft
479 2196 546 2256 nog
574 2197 657 2257 geen
682 2199 862 2259 telesoon,
882 2199 962 2259 alles
981 2199 1006 2259 is
1026 2199 1109 2259 even
1134 2201 1294 2261 moeilijk
1322 2201 1350 2261 te
1373 2200 1530 2260 krijgen.
1547 2202 1591 2262 Er
1611 2202 1636 2262 is
1658 2199 1738 2259 geen
1766 2202 2054 2262 telefoonkabel.

357 2260 416 2320 We
443 2267 556 2327 waren
585 2267 621 2327 om
667 2267 680 2327 z
704 2267 768 2327 uur
789 2269 902 2329 thuis.
921 2270 951 2330 lk
980 2267 1076 2327 werd
1097 2269 1125 2329 in
1156 2270 1195 2330 de
1218 2270 1290 2330 tuin
1319 2270 1420 2330 gezet
1441 2272 1476 2332 en
1503 2270 1603 2330 kreeg
1632 2270 1882 2330 tomatensap.
1903 2270 1955 2330 Om
2001 2268 2048 2328 zee

346 2339 418 2399 uur
444 2339 613 2399 gegeten,
639 2339 864 2399 bloemkool
888 2338 924 2398 en
958 2338 1018 2398 een
1049 2339 1137 2399 uitje
1163 2341 1241 2401 met
1264 2342 1402 2402 biscuit
1428 2342 1464 2402 en
1498 2342 1648 2402 aardbei
1682 2341 1770 2401 mijn
1807 2340 2055 2400 Davitamon.

353 2411 434 2471 Het
454 2411 521 2471 was
546 2411 602 2471 een
630 2411 776 2471 heerlijk
807 2412 909 2472 papje
934 2412 969 2472 en
999 2414 1132 2474 omdat
1151 2414 1178 2474 ik
1206 2414 1276 2474 zon
1306 2411 1463 2471 vreselijk
1491 2413 1580 2473 hard
1602 2412 1745 2472 bolusje
1768 2411 1830 2471 heb
1860 2411 1960 2471 heeft
1982 2412 2063 2472 Cor¬

352 2482 417 2542 een
445 2482 536 2542 uitje
560 2483 744 2543 gekookt.
