2479 3508
347 545 384 605 14
410 545 489 605 juni
510 543 621 603 1943-
658 545 795 605 Tweede
818 544 1043 604 Pinksterdag

358 612 526 672 Vandaag
553 612 656 672 heeft
678 613 740 673 het
762 613 843 673 heel
865 614 941 674 veel
963 616 1142 676 geregend
1169 616 1207 676 en
1237 614 1299 674 het
1321 615 1389 675 was
1416 613 1475 673 een
1503 613 1578 673 stuk
1608 614 1744 674 frisser,
1766 616 1812 676 we
1839 616 1983 676 hebben
2015 616 2050 676 de

352 687 490 747 deuren
520 688 623 748 dicht
648 688 786 748 gelaten
816 688 854 748 en
881 688 911 748 ik
941 688 1003 748 heb
1036 691 1152 751 onder
1177 688 1218 748 de
1245 688 1413 748 waranda
1440 687 1603 747 gestaan.
1625 690 1654 750 lk
1684 691 1774 751 krijg
1801 691 1841 751 nu
1877 691 1947 751 vier
1972 689 2050 749 voe¬

352 760 489 820 dingen
516 760 577 820 per
598 760 680 820 dag,
699 762 786 822 twee
811 760 925 820 stesjes
946 760 983 820 en
1010 763 1097 823 twee
1121 761 1211 821 vaste
1238 762 1463 822 voedingen;
1482 762 1511 822 ik
1538 762 1707 822 schreeuw
1747 763 1789 823 als
1811 763 1898 823 mijn
1925 763 2047 823 bordje

350 831 422 891 leeg
452 831 491 891 is,
516 831 577 891 het
600 832 744 892 smaakt
770 831 833 891 mij
859 834 1025 894 allemaal
1048 834 1081 894 zo
1109 834 1248 894 lekker.
1273 834 1437 894 Vandaag
1465 834 1529 894 heb
1560 834 1587 894 ik
1621 831 1816 891 tweemaal
1835 836 2055 896 bloemkool

386 903 528 963 egeten.
554 903 709 963 Meneer
735 903 796 963 van
830 906 1018 966 Deventer
1042 906 1114 966 had
1140 906 1302 966 zaterdag
1336 906 1532 966 worteltjes
1558 905 1597 965 en
1628 905 1852 965 bloemkool
1876 905 1963 965 voor
1989 907 2054 967 mij

350 978 544 1038 gebracht.
565 978 635 1038 Die
661 975 725 1035 heb
754 979 783 1039 ik
812 977 966 1037 gisteren
995 977 1033 1037 en
1062 978 1274 1038 eergisteren
1303 981 1472 1041 gegeten.
1495 980 1573 1040 Dan
1603 978 1690 1038 krijg
1719 978 1748 1038 ik
1777 978 1838 1038 een
1864 978 1942 1038 hele
1966 981 2050 1041 liga¬

349 1049 489 1109 biscuit
514 1046 550 1106 en
582 1046 670 1106 twee
699 1050 808 1110 lepels
835 1049 1004 1109 groente.
1028 1049 1057 1109 Ik
1090 1049 1156 1109 ben
1188 1051 1288 1111 maar
1312 1052 1352 1112 so
1384 1052 1461 1112 gtam
1512 1050 1787 1110 aangekomen,
1812 1049 1893 1109 toch
1923 1049 1989 1109 hen
2021 1051 2047 1111 ik

346 1118 411 1178 een
439 1121 585 1181 heerlijk
616 1121 721 1181 dikke
746 1119 876 1179 bruine
901 1123 1018 1183 meid,
1034 1121 1113 1181 met
1132 1121 1273 1181 blauwe
1298 1123 1388 1183 ogen
1415 1122 1469 1182 die
1494 1121 1592 1181 soms
1616 1122 1706 1182 door
1728 1123 1815 1183 mijn
1842 1121 1961 1181 hoofd
1986 1121 2038 1181 tot

355 1191 432 1251 len.
455 1192 534 1252 Oom
582 1193 731 1253 Antoon
759 1194 864 1254 vindt
887 1194 950 1254 mij
973 1196 1033 1256 een
1059 1197 1188 1257 geestig
1216 1196 1357 1256 gezicht
1380 1196 1543 1256 hebben,
1563 1196 1615 1256 hij
1635 1196 1762 1256 neemt
1782 1195 1848 1255 mij
1868 1194 1983 1254 steeds
2009 1197 2044 1257 op

347 1264 485 1324 schoot
505 1264 541 1324 en
567 1264 672 1324 vindt
692 1267 753 1327 het
770 1267 803 1327 zo
829 1267 973 1327 heerlijk
1004 1269 1040 1329 om
1082 1267 1149 1327 mij
1169 1267 1196 1327 te
1219 1269 1366 1329 ruiken.
1386 1267 1509 1327 Babys
1528 1267 1653 1327 ruiken
1679 1267 1712 1327 zo
1737 1267 1882 1327 heerlijk
1910 1267 1988 1327 zegt
2008 1270 2055 1330 hij

355 1333 398 1393 en
426 1339 485 1399 dat
504 1339 529 1399 is
551 1339 615 1399 ook
645 1341 702 1401 zo,
721 1339 781 1399 dat
803 1341 859 1401 wil
879 1340 1009 1400 zeggen
1039 1342 1082 1402 als
1104 1342 1166 1402 het
1185 1340 1244 1400 een
1269 1341 1366 1401 frisse
1388 1341 1526 1401 schone
1548 1339 1638 1399 haby
1662 1340 1703 1400 is.

355 1410 509 1470 Dikkie,
529 1410 612 1470 onze
637 1410 737 1470 ouwe
759 1410 815 1470 kat
835 1410 870 1470 en
897 1411 957 1471 het
973 1413 1089 1473 kleine
1111 1413 1233 1473 kreng,
1252 1413 1311 1473 dat
1331 1413 1352 1473 is
1377 1413 1412 1473 op
1439 1413 1496 1473 een
1523 1413 1561 1473 na
1586 1411 1623 1471 de
1645 1412 1799 1472 jongste,
1816 1413 1959 1473 hebben
1984 1409 2048 1469 ver¬

346 1482 575 1542 schrikkelijk
602 1482 800 1542 gevochten
828 1482 994 1542 gisteren.
1013 1484 1064 1544 De
1087 1485 1192 1545 haren
1217 1485 1340 1545 vlogen
1364 1485 1394 1545 in
1419 1485 1478 1545 het
1498 1485 1604 1545 rond.
1628 1485 1718 1545 Voor
1737 1485 1775 1545 de
1797 1485 1914 1545 katten
1939 1485 1963 1545 is
1985 1486 2044 1546 ook

349 1554 442 1614 niets
463 1554 489 1614 te
511 1555 665 1615 krijgen,
681 1555 787 1615 alleen
814 1554 872 1614 een
894 1555 1008 1615 beetje
1029 1557 1135 1617 akelig
1160 1557 1228 1617 vies
1247 1557 1510 1617 kattenbrood,
1526 1557 1624 1617 maar
1643 1557 1685 1617 ja,
1701 1557 1762 1617 het
1781 1557 1805 1617 is
1824 1557 1898 1617 niet
1917 1560 2055 1620 anders.

355 1623 466 1683 Greet
490 1622 580 1682 geeft
601 1624 632 1684 ze
658 1625 784 1685 daarom
831 1625 981 1685 dikwijls
1004 1625 1071 1685 wat
1092 1625 1182 1685 extra
1206 1626 1317 1686 melk,
1335 1628 1433 1688 maar
1456 1626 1508 1686 die
1531 1627 1554 1687 is
1578 1628 1640 1688 ook
1671 1628 1704 1688 zo
1730 1628 1836 1688 duut,
1854 1628 1880 1688 f.
1896 1628 1921 1688 I.
1932 1628 1963 1688 zo
1991 1629 2045 1689 een

346 1699 439 1759 liter.
458 1697 607 1757 Clukkie
628 1697 726 1757 heeft
745 1697 827 1757 even
852 1697 902 1757 los
921 1697 1054 1757 mogen
1078 1699 1184 1759 lopen
1209 1700 1238 1760 in
1267 1700 1304 1760 de
1326 1699 1400 1759 tuin
1427 1699 1464 1759 en
1491 1700 1557 1760 was
1581 1700 1615 1760 de
1640 1700 1764 1760 hemel
1783 1700 1810 1760 te
1831 1701 1911 1761 rijk.

347 1843 379 1903 15
403 1843 487 1903 juni
508 1843 592 1903 1943

361 1914 527 1974 Vandaag
558 1913 618 1973 heb
650 1913 680 1973 ik
710 1913 749 1973 de
774 1912 882 1972 eerste
910 1917 1198 1977 regendroppels
1224 1915 1281 1975 van
1312 1915 1398 1975 mijn
1428 1915 1525 1975 leven
1556 1915 1814 1975 opgevangen.
1836 1915 1913 1975 Het
1933 1915 2046 1975 begon

347 1987 522 2047 namelijk
553 1985 750 2045 plotseling
779 1984 859 2044 heel
879 1986 968 2046 hard
993 1987 1024 2047 te
1049 1986 1205 2046 regenen
1233 1985 1272 2045 en
1300 1987 1328 2047 ik
1358 1987 1470 2047 stond
1495 1987 1525 2047 in
1556 1987 1595 2047 de
1623 1987 1721 2047 tuin.
1743 1987 1818 2047 Cor
1841 1988 1969 2048 haalde
1997 1989 2049 2049 me

353 2056 433 2116 vlug
464 2058 580 2118 onder
604 2058 642 2118 de
669 2059 855 2119 waranda,
876 2058 963 2118 mijn
992 2058 1131 2118 snoetje
1158 2058 1225 2118 was
1248 2058 1432 2118 helemaal
1453 2058 1528 2118 nat.
1549 2058 1579 2118 Ik
1611 2058 1732 2118 moest
1756 2058 1820 2118 ook
1851 2060 1908 2120 een
1939 2062 2045 2122 droog

355 2130 515 2190 lakentje
540 2127 706 2187 hebben.
731 2127 785 2187 We
810 2127 953 2187 hebben
978 2127 1070 2187 weer
1090 2130 1288 2190 luchtalarm
1334 2131 1467 2191 gehad.

350 2272 386 2332 16
414 2272 492 2332 juni
515 2270 596 2330 1943

363 2342 587 2402 Vanmiddag
612 2343 673 2403 zijn
698 2341 748 2401 we
767 2341 822 2401 sijn
851 2342 964 2402 wezen
989 2342 1172 2402 wandelen
1197 2342 1235 2402 en
1258 2342 1399 2402 hebben
1427 2342 1463 2402 op
1491 2342 1527 2402 de
1549 2343 1665 2403 markt
1685 2342 1848 2402 gelukkig
1873 2342 1939 2402 wat
1956 2342 2050 2402 visjes

356 2414 550 2474 gekregen.
570 2412 833 2472 Leeduiveltjes
852 2414 924 2474 met
944 2415 1046 2475 dikke
1066 2414 1229 2474 koppen.
1246 2414 1312 2474 Die
1332 2414 1473 2474 kostten
1496 2414 1640 2474 vroeger
1657 2415 1781 2475 f.O.I5,
1798 2416 1837 2476 nu
1862 2416 1928 2476 f.L.
1937 2414 1967 2474 zo
1995 2415 2047 2475 een

355 2480 480 2540 pond.
502 2479 553 2539 We
575 2482 715 2542 hebben
740 2484 837 2544 maar
856 2483 913 2543 een
937 2485 1037 2545 pond
1059 2485 1221 2545 gehaald,
1238 2485 1332 2545 want
1352 2485 1384 2545 er
1403 2485 1424 2545 is
1444 2484 1533 2544 niets
1555 2483 1638 2543 voor
1657 2483 1695 2543 de
1714 2485 1833 2545 katten
1858 2485 1884 2545 te
1904 2487 2055 2547 krijgen.

364 2551 421 2611 We
446 2555 556 2615 waren
581 2557 632 2617 bij
649 2557 705 2617 een
733 2558 963 2618 zakenrelatie
988 2557 1047 2617 van
1071 2559 1147 2619 Cor
1169 2558 1204 2618 en
1229 2558 1351 2618 Greet.
1370 2560 1467 2620 Daar
1484 2557 1627 2617 hebben
1652 2557 1684 2617 ze
1706 2557 1762 2617 een
1787 2557 1876 2617 baby
1901 2557 1960 2617 van
1985 2558 2050 2618 tien

349 2632 553 2692 maanden,
575 2631 673 2691 maar
695 2631 727 2691 ze
752 2632 893 2692 vonden
920 2631 985 2691 mij
1007 2631 1089 2691 heel
1108 2632 1173 2692 wat
1195 2633 1326 2693 hinker
1348 2632 1386 2692 en
1410 2632 1445 2692 zo
1473 2632 1614 2692 heerlijk
1641 2631 1766 2691 bruin.
1788 2631 1878 2691 Toen
1905 2631 1932 2691 ik
1962 2632 2055 2692 thuis

355 2703 455 2763 kwam
499 2703 562 2763 heb
589 2702 616 2762 ik
643 2701 703 2761 een
727 2705 893 2765 heerlijke
918 2706 1056 2766 tomaat
1078 2706 1208 2766 gehad,
1228 2706 1355 2766 daarna
1377 2706 1461 2766 mijn
1491 2706 1564 2766 eten
1592 2706 1627 2766 en
1652 2706 1735 2766 naar
1755 2706 1839 2766 bed.

347 2852 385 2912 17
408 2853 490 2913 juni
513 2852 595 2912 1943

354 2924 387 2984 lk
417 2924 481 2984 heb
512 2924 550 2984 de
576 2924 653 2984 hele
681 2924 742 2984 dag
770 2924 801 2984 in
832 2924 870 2984 de
896 2924 970 2984 tuin
1001 2925 1165 2985 gestaan,
1184 2924 1248 2984 het
1268 2924 1423 2984 regende
1451 2924 1568 2984 steeds
1590 2924 1629 2984 en
1657 2925 1851 2985 plotseling
1880 2925 1976 2985 kwam
2024 2924 2057 2984 er

355 2996 420 3056 een
447 2996 547 3056 hevig
575 2996 734 3056 onweer,
754 2996 810 3056 een
837 2996 1022 3056 vreselijke
1044 2997 1111 3057 slag
1136 2996 1206 3056 vlak
1233 2996 1349 3056 boven
1377 2997 1417 3057 de
1439 2996 1534 3056 stad.
1556 2996 1612 3056 We
1632 2997 1799 3057 hoorden
1830 2998 1886 3058 dat
1908 2997 1959 3057 die
1981 2997 2057 3057 hier

354 3069 493 3129 vlakbij
514 3070 545 3130 in
575 3070 612 3130 de
636 3070 754 3130 grond
778 3068 940 3128 geslagen
969 3070 1036 3130 was
1056 3070 1088 3130 in
1117 3070 1155 3130 de
1181 3070 1454 3130 Heurlostraat.
1480 3070 1546 3130 Wij
1570 3070 1683 3130 waren
1709 3068 1761 3128 erg
1788 3070 2057 3130 geschrokken,
