2479 3508
442 330 543 390 want
567 330 615 390 we
641 330 796 390 dachten
825 330 886 390 dat
905 331 968 391 het
990 330 1048 390 een
1075 333 1341 393 luchtgevecht
1363 333 1445 393 was.
1469 332 1655 392 Gelukkig
1682 333 1772 393 niets
1796 331 1857 391 van
1887 333 1966 393 dien
1996 333 2094 393 aard.
2113 333 2139 393 Ik

444 400 542 460 werd
569 404 645 464 vlug
673 403 759 463 naar
778 402 917 462 binnen
947 403 1115 463 gehaald,
1135 404 1352 464 naderhand
1379 401 1444 461 ben
1471 401 1498 461 ik
1528 401 1621 461 weer
1640 404 1727 464 naar
1749 402 1873 462 buiten
1904 403 2093 463 gebracht.
2113 403 2140 463 Il

446 479 536 539 krijs
565 477 605 537 nu
637 476 830 536 tweemaal
849 477 910 537 per
934 478 994 538 dag
1024 479 1154 539 andere
1178 477 1326 537 groente
1353 479 1390 539 en
1416 479 1445 539 ik
1472 476 1599 536 schrok
1629 476 1692 536 het
1714 478 1750 538 op
1782 478 1819 538 en
1849 477 1962 537 onder
1987 477 2047 537 het
2069 476 2140 536 eten

447 548 515 608 doe
542 548 568 608 ik
595 550 688 610 niets
715 551 773 611 dan
802 551 967 611 kreunen
993 551 1030 611 en
1060 551 1105 611 als
1126 552 1240 612 Greet
1259 551 1323 611 het
1341 551 1418 611 niet
1440 551 1513 611 vlug
1543 551 1681 611 genoeg
1710 551 1795 611 doet
1819 551 1880 611 dan
1910 551 2079 611 schreeuw
2119 551 2140 611 ik

451 621 520 681 ook
546 619 634 679 nog.
652 618 680 678 Ik
709 618 770 678 heb
799 622 1018 682 vanmiddag
1044 622 1106 682 ook
1134 622 1222 682 voor
1240 622 1302 682 het
1318 620 1408 680 eerst
1429 621 1485 681 een
1511 622 1609 682 echte
1633 622 1774 682 tomaat
1793 620 1906 680 gehad
1929 622 2004 682 met
2022 622 2154 682 suiker.

448 691 484 751 Ik
515 691 613 751 vond
642 692 704 752 het
727 693 817 753 eerst
841 693 915 753 niet
939 694 975 754 zo
1006 695 1058 755 erg
1089 697 1223 757 lekker,
1244 697 1345 757 maar
1368 694 1588 754 naderhand
1616 692 1683 752 was
1709 693 1737 753 ik
1769 692 1802 752 er
1828 693 1887 753 aan
1919 694 2089 754 gewend.
2112 694 2140 754 lk

445 766 514 826 heb
542 766 594 826 erg
622 766 769 826 gehuild
795 766 1005 826 vanavond,
1025 766 1106 826 toen
1134 766 1197 826 heb
1225 766 1253 826 ik
1281 768 1525 828 venkelwater
1548 766 1745 826 gekregen,
1765 764 1861 824 want
1884 766 1909 826 ik
1937 766 2031 826 gilde
2056 766 2086 826 af
2109 768 2142 828 en

440 837 520 897 toe.
540 837 584 897 Ze
610 838 765 898 dachten
791 837 852 897 dat
869 837 896 897 ik
922 837 994 897 pijn
1019 838 1049 898 in
1075 838 1161 898 mijn
1189 839 1272 899 buik
1298 840 1370 900 had
1392 840 1428 900 en
1453 838 1481 898 ik
1507 837 1632 897 geloof
1654 837 1715 897 ook
1743 837 1810 897 wel
1830 837 1888 897 dat
1908 837 1969 897 het
1988 837 2049 897 dat
2069 837 2149 897 was.

440 907 535 967 loen
562 909 587 969 ik
614 909 764 969 gegeten
786 909 859 969 had
879 909 974 969 werd
996 909 1020 969 ik
1048 909 1124 969 met
1132 909 1189 969 een
1214 909 1299 969 naar
1318 909 1386 969 bed
1408 911 1585 971 gebracht
1605 909 1642 969 en
1667 909 1735 969 viel
1755 909 1779 969 ik
1806 909 1839 969 zo
1864 909 1964 969 maar
1984 909 2013 969 in
2038 913 2150 973 slaap.

447 1052 483 1112 18
507 1054 584 1114 juni
606 1055 686 1115 1943
713 1055 844 1115 vrijdag

444 1124 478 1184 lk
515 1126 577 1186 heb
614 1125 808 1185 tweemaal
833 1127 1004 1187 gebolust
1032 1129 1211 1189 vandaag.
1240 1127 1382 1187 Allebei
1408 1127 1447 1187 de
1476 1127 1584 1187 keren
1615 1127 1729 1187 nogal
1757 1130 1848 1190 dun.
1874 1130 1950 1190 Dat
1976 1130 2030 1190 zal
2056 1130 2138 1190 mijn

447 1198 523 1258 pijn
552 1198 583 1258 in
614 1198 653 1258 de
679 1197 761 1257 buik
796 1197 860 1257 wel
883 1197 1039 1257 geweest
1062 1198 1147 1258 zijn.
1176 1196 1229 1256 We
1255 1197 1320 1257 zijn
1351 1198 1405 1258 uit
1428 1197 1583 1257 geweest
1606 1200 1830 1260 vanmiddag
1859 1198 1898 1258 en
1927 1198 2071 1258 hebben
2103 1201 2136 1261 op

445 1272 485 1332 de
516 1270 798 1330 Ceintuurbaan
828 1271 868 1331 op
898 1272 961 1332 het
983 1268 1091 1328 terras
1116 1270 1281 1330 gezeten.
1303 1272 1332 1332 Ik
1363 1271 1444 1331 sliep
1477 1271 1675 1331 natuurlijk
1705 1270 1797 1330 niet,
1819 1272 1916 1332 want
1941 1273 1973 1333 er
1995 1273 2022 1333 is
2047 1273 2142 1333 altijd

442 1340 570 1400 zoveel
594 1339 621 1399 te
649 1341 744 1401 zien,
771 1343 831 1403 dat
856 1343 882 1403 ik
915 1342 1179 1402 doodgewoon
1212 1342 1296 1402 geen
1326 1342 1393 1402 tijd
1418 1342 1483 1402 heb
1519 1343 1557 1403 om
1606 1344 1635 1404 te
1663 1345 1804 1405 slapen.
1832 1344 1943 1404 Greet
1967 1345 2038 1405 had
2065 1345 2144 1405 haar

442 1413 726 1473 anemoontjes,
750 1413 840 1473 waar
861 1414 909 1474 zij
930 1414 965 1474 zo
994 1415 1060 1475 dol
1084 1415 1121 1475 op
1153 1415 1193 1475 is,
1217 1416 1339 1476 achter
1363 1416 1392 1476 in
1427 1416 1463 1476 de
1490 1416 1612 1476 wagen
1644 1415 1787 1475 gelegd,
1809 1415 1909 1475 maar
1933 1415 1960 1475 ik
1992 1415 2044 1475 die
2074 1416 2148 1476 niet

444 1485 579 1545 anders
603 1485 666 1545 doe
693 1485 757 1545 dan
783 1484 929 1544 tietsen,
950 1485 1064 1545 trapte
1088 1485 1120 1545 ze
1146 1485 1313 1545 allemaal
1332 1486 1387 1546 uit
1406 1487 1538 1547 elkaar.
1560 1488 1647 1548 Ioen
1676 1488 1777 1548 heeft
1798 1487 1872 1547 Cor
1894 1486 1968 1546 zich
1995 1486 2029 1546 er
2050 1488 2145 1548 maar

447 1554 536 1614 over
563 1557 751 1617 ontfermd
783 1556 820 1616 en
849 1556 951 1616 heeft
977 1558 1009 1618 ze
1038 1560 1234 1620 gedragen.
1267 1560 1322 1620 We
1351 1559 1495 1619 hadden
1530 1560 1698 1620 gelukkig
1731 1558 1921 1618 aardheien
1953 1560 2147 1620 gekregen.

442 1625 610 1685 Croente
638 1626 703 1686 was
727 1627 760 1687 er
779 1628 855 1688 niet
877 1629 904 1689 te
928 1630 1085 1690 krijgen.
1105 1631 1159 1691 De
1184 1629 1332 1689 mensen
1360 1631 1466 1691 zitten
1493 1627 1582 1687 weer
1604 1629 1634 1689 in
1661 1631 1764 1691 lange
1789 1629 1862 1689 files
1884 1628 1932 1688 bij
1955 1628 1992 1688 de
2014 1631 2147 1691 groen-

446 1700 617 1760 tehuizen
650 1701 841 1761 (kassen:),
864 1703 902 1763 om
948 1703 1013 1763 iets
1038 1703 1096 1763 van
1127 1703 1275 1763 groente
1304 1703 1331 1763 te
1357 1703 1636 1763 bemachtigen,
1659 1704 1757 1764 maar
1783 1704 1820 1764 de
1849 1703 2007 1763 meesten
2035 1703 2141 1763 zitten

443 1772 532 1832 uren
561 1772 588 1832 te
616 1772 780 1832 wachten
810 1774 846 1834 en
874 1774 952 1834 vaak
982 1774 1051 1834 nog
1083 1775 1169 1835 voor
1192 1775 1297 1835 niets.
1322 1774 1403 1834 Ook
1433 1775 1558 1835 maakt
1580 1775 1659 1835 men
1689 1774 1767 1834 hier
1790 1775 1905 1835 queue
1932 1775 2040 1835 (staat
2063 1775 2139 1835 men

436 1848 472 1908 in
503 1846 541 1906 de
570 1846 608 1906 rij
650 1846 689 1906 om
734 1846 923 1906 biscuitjes
949 1846 976 1906 te
1002 1849 1286 1909 bemachtigen.
1311 1847 1364 1907 Op
1398 1846 1436 1906 de
1468 1846 1685 1906 Velserpont
1707 1847 1771 1907 zijn
1805 1846 1841 1906 de
1866 1846 2147 1906 huisvrouwen,

446 1915 503 1975 die
529 1917 679 1977 groente
707 1915 741 1975 en
772 1915 960 1975 aardbeien
989 1917 1136 1977 hadden
1165 1918 1335 1978 gehaald,
1359 1915 1578 1975 opgewacht
1602 1918 1692 1978 door
1718 1917 1774 1977 een
1806 1915 2074 1975 overvalwagen
2105 1918 2141 1978 en

441 1986 743 2046 meegenomen.
763 1987 838 2047 Het
858 1987 882 2047 is
905 1986 960 2046 me
987 1985 1044 2045 een
1072 1987 1221 2047 wereld.

445 2127 479 2187 19
504 2129 582 2189 juni
603 2130 684 2190 1943
711 2130 869 2190 zaterdag

453 2196 685 2256 Vanmorgen
720 2197 789 2257 was
816 2199 842 2259 ik
876 2199 911 2259 al
935 2199 1027 2259 weer
1054 2199 1093 2259 om
1144 2199 1260 2259 kwart
1289 2196 1377 2256 voor
1403 2199 1456 2259 zes
1485 2199 1644 2259 wakker,
1671 2199 1734 2259 dan
1769 2199 1808 2259 ga
1837 2200 1863 2260 ik
1898 2202 2001 2262 maar
2025 2203 2141 2263 liggen

442 2270 588 2330 kraaien
620 2269 656 2329 en
689 2268 834 2328 worden
866 2270 898 2330 ze
924 2270 1001 2330 niet
1025 2270 1102 2330 vlug
1131 2270 1269 2330 genoeg
1301 2270 1446 2330 wakker
1470 2267 1534 2327 dan
1566 2270 1669 2330 begin
1701 2270 1730 2330 ik
1759 2270 1860 2330 maar
1884 2270 1913 2330 te
1942 2271 2085 2331 huilen.
2109 2274 2138 2334 Ik

442 2340 529 2400 krijs
561 2340 619 2400 dan
651 2342 736 2402 mijn
763 2342 876 2402 Hesje,
895 2342 953 2402 een
980 2343 1118 2403 schoon
1145 2345 1245 2405 laken
1275 2342 1309 2402 en
1338 2342 1396 2402 een
1423 2344 1558 2404 schone
1580 2344 1688 2404 broek
1718 2344 1754 2404 en
1784 2343 1844 2403 dan
1874 2342 1956 2402 gaan
1985 2345 2033 2405 we
2057 2345 2141 2405 weer

442 2414 532 2474 even
563 2417 703 2477 slapen.
731 2415 783 2475 Om
832 2414 902 2474 tien
933 2416 1039 2476 stond
1070 2417 1098 2477 ik
1129 2417 1256 2477 buiten
1290 2417 1406 2477 onder
1432 2417 1470 2477 de
1499 2417 1688 2477 waranda,
1711 2417 1809 2477 want
1833 2419 1894 2479 het
1918 2420 2075 2480 regende
2104 2420 2140 2480 en

444 2485 512 2545 het
534 2488 601 2548 was
626 2488 742 2548 koud.
767 2488 894 2548 buiten
924 2488 1021 2548 kreeg
1051 2488 1078 2548 ik
1108 2489 1200 2549 weer
1222 2489 1308 2549 mijn
1338 2491 1452 2551 Hesje,
1474 2490 1555 2550 toen
1585 2490 1649 2550 hen
1679 2490 1706 2550 ik
1736 2491 1766 2551 in
1796 2489 1885 2549 slaap
1918 2488 2075 2548 gevallen
2105 2492 2140 2552 en

433 2560 521 2620 toen
550 2560 579 2620 ik
609 2560 755 2620 wakker
780 2560 875 2620 werd
899 2562 971 2622 had
995 2562 1022 2622 ik
1054 2561 1147 2621 weer
1171 2560 1229 2620 een
1259 2562 1336 2622 hele
1363 2563 1490 2623 dunne
1517 2562 1618 2622 huier.
1645 2563 1871 2623 Vanmiddag
1903 2564 1967 2624 zijn
1997 2563 2044 2623 we
2071 2564 2145 2624 met

438 2635 506 2695 zijn
539 2635 626 2695 allen
653 2635 740 2695 naar
762 2635 829 2695 bed
857 2637 1012 2697 gegaan.
1034 2639 1063 2699 Ik
1093 2635 1207 2695 stond
1232 2636 1262 2696 in
1292 2638 1332 2698 de
1357 2638 1498 2698 kamer,
1520 2638 1618 2698 want
1640 2637 1667 2697 ik
1697 2636 1762 2696 heb
1797 2635 1832 2695 de
1860 2638 2055 2698 gewoonte
2085 2639 2118 2699 om

441 2706 509 2766 ook
539 2706 604 2766 wel
623 2706 704 2766 eens
723 2706 799 2766 niet
821 2707 846 2767 te
870 2708 1011 2768 slapen,
1028 2709 1128 2769 maar
1148 2709 1373 2769 vanmiddag
1397 2709 1530 2769 sliepen
1555 2709 1612 2769 wij
1634 2709 1693 2769 alle
1718 2709 1807 2769 drie.
1824 2709 1854 2769 Ik
1884 2709 1943 2769 heb
1974 2711 2142 2771 heerlijke

439 2780 641 2840 worteltjes
665 2782 813 2842 gegeten
842 2781 879 2841 en
905 2781 985 2841 toen
1014 2784 1042 2844 ik
1068 2784 1157 2844 mijn
1183 2784 1288 2844 bedje
1311 2784 1369 2844 zag
1395 2784 1474 2844 sliep
1503 2784 1554 2844 ik.

433 2927 471 2987 20
497 2927 578 2987 juni
601 2927 682 2987 1943
707 2927 844 2987 zondag

447 2998 615 3058 Vandaag
647 2999 671 3059 is
699 2998 758 3058 een
791 2999 853 3059 van
886 3000 972 3060 onze
1002 3001 1213 3061 ellendigste
1243 3002 1357 3062 dagen
1390 2999 1557 3059 geweest.
1582 2999 1660 3059 Het
1682 2999 1752 3059 was
1780 3000 1842 3060 net
1867 3001 1926 3061 een
1959 3001 2140 3061 prachtige

439 3070 505 3130 dag
534 3071 637 3131 weer,
659 3070 722 3130 iets
746 3071 807 3131 dat
829 3072 876 3132 we
906 3073 943 3133 de
969 3072 1091 3132 laatste
1118 3073 1309 3133 zondagen
1338 3072 1415 3132 niet
1437 3072 1534 3132 meer
1556 3072 1704 3132 hadden
1734 3073 1866 3133 gehad.
1890 3071 1964 3131 Het
1986 3071 2054 3131 was
2081 3071 2142 3131 dus

476 3223 533 3283 72
