2479 3508
350 329 570 389 uitgezocht
591 327 628 387 om
671 327 795 387 buiten
822 327 848 387 te
872 327 999 387 zitten.
1023 327 1076 387 We
1097 328 1240 388 zouden
1264 327 1487 387 vanmiddag
1511 329 1595 389 naar
1620 328 1723 388 lante
1747 330 1895 390 Hennie
1916 332 2046 392 gegaan

344 399 436 459 zijn;
453 398 497 458 zij
517 398 646 458 woont
666 398 695 458 in
723 398 833 458 Oost.
854 398 959 458 Maar
980 398 1165 458 vannacht
1187 398 1224 458 om
1266 398 1355 458 twee
1377 399 1444 459 uur
1464 399 1622 459 stonden
1649 400 1689 460 de
1714 401 2005 461 overvalwagens
2027 401 2057 461 al

345 470 446 530 klaar
467 468 504 528 en
534 467 627 527 zoals
648 467 765 527 iedere
789 472 928 532 zondag
954 471 1092 531 krijgen
1119 473 1178 533 wij
1199 473 1236 533 om
1284 472 1334 532 ca.
1356 470 1406 530 zes
1431 472 1497 532 uur
1521 473 1558 533 de
1582 473 1704 533 krant.
1731 470 1883 530 Vroeger
1904 473 1973 533 was
1997 473 2056 533 dat

357 544 400 604 de
427 543 620 603 Telegraal,
638 542 919 602 tegenwoordig
942 544 965 604 is
989 545 1049 605 dat
1070 545 1107 605 de
1133 545 1321 605 Deutsche
1348 546 1524 606 Zeitung.
1545 547 1599 607 De
1620 545 1738 605 lopers
1759 545 1889 605 belden
1918 545 1956 605 en
1982 545 2051 605 ver¬

353 611 475 671 telden
500 610 563 670 het
583 613 719 673 akelige
742 614 898 674 nieuws.
918 616 1009 676 Kort
1032 616 1159 676 daarop
1188 615 1284 675 werd
1305 615 1387 675 heel
1407 616 1503 676 Zuid
1526 616 1677 676 afgezet,
1694 616 1941 676 kerkgangers
1961 616 2051 676 kwa¬

350 686 435 746 men
461 685 559 745 terug
588 685 624 745 en
653 688 829 748 mochten
856 688 930 748 niet
951 688 1037 748 naar
1058 689 1097 749 de
1120 691 1223 751 kerk.
1244 688 1312 748 ten
1341 690 1418 750 auto
1447 690 1524 750 met
1545 689 1641 749 grote
1667 688 1913 748 luidsprekers
1934 688 2030 748 kwam

352 758 450 818 door
471 758 507 818 de
528 760 678 820 straten,
697 760 859 820 iedereen
883 760 994 820 stond
1015 760 1046 820 al
1061 763 1206 823 buiten.
1225 763 1279 823 De
1300 762 1633 822 burgerbevolking
1660 761 1778 821 moest
1794 760 1879 820 naar
1898 763 2055 823 binnen.

352 831 502 891 Deuren
533 830 569 890 en
598 831 720 891 ramen
749 830 914 890 moesten
943 833 1090 893 worden
1119 833 1300 893 gesloten,
1321 834 1420 894 maar
1443 834 1619 894 niemand
1648 834 1705 894 gat
1726 834 1803 894 hier
1824 834 1946 894 gevolg
1977 835 2055 895 aan¬

345 905 404 965 De
428 903 555 963 Joodse
576 903 727 963 mensen
753 903 919 963 moesten
946 906 1018 966 zich
1044 906 1169 966 gereed
1190 906 1343 966 maken,
1359 906 1497 966 kosters
1515 908 1658 968 pakken
1684 905 1762 965 enz.
1783 903 1835 963 De
1856 906 1967 966 straat
1989 904 2053 964 was

355 975 613 1035 overbevolkt,
638 975 801 1035 iedereen
832 978 887 1038 zag
918 978 1017 1038 bleek
1051 978 1089 1038 en
1120 979 1220 1039 sprak
1253 979 1458 1039 geagiteerd
1489 979 1802 1039 (opgewonden).
1827 978 1874 1038 Zo
1907 978 2045 1038 werden

354 1046 395 1106 de
424 1046 551 1106 Joodse
577 1046 726 1106 mensen
755 1046 799 1106 als
820 1046 1013 1106 lastdieren
1039 1047 1295 1107 weggevoerd,
1313 1049 1450 1109 bepakt
1474 1049 1509 1109 en
1536 1049 1667 1109 bezakt
1691 1049 1763 1109 met
1786 1049 1882 1109 eten,
1903 1049 2052 1109 dekens,

356 1119 493 1179 potjes,
513 1119 707 1179 pannetjes
729 1120 767 1180 en
794 1119 865 1179 wat
887 1121 916 1181 al
936 1121 1025 1181 niet.
1047 1121 1114 1181 Een
1147 1121 1274 1181 soodse
1299 1122 1377 1182 man
1404 1122 1466 1182 liet
1488 1121 1548 1181 een
1575 1122 1678 1182 pakje
1703 1121 1835 1181 vallen;
1854 1118 1987 1178 terwijl
2006 1122 2054 1182 hij

345 1193 412 1253 het
431 1195 604 1255 opraapte
628 1190 695 1250 viel
714 1190 745 1250 er
766 1190 856 1250 weer
875 1193 945 1253 wat
964 1194 1109 1254 anders.
1130 1193 1218 1253 Ioen
1244 1193 1314 1253 viel
1332 1193 1363 1253 er
1384 1195 1441 1255 een
1465 1196 1753 1256 komkommer.
1769 1193 1823 1253 De
1845 1193 2047 1253 Hollandse

356 1264 391 1324 ss
410 1264 445 1324 er
470 1264 532 1324 zei,
557 1264 635 1324 geef
659 1264 724 1324 hem
771 1265 830 1325 een
857 1265 968 1325 schop
1001 1267 1039 1327 en
1069 1264 1201 1324 terwijl
1223 1267 1261 1327 de
1291 1267 1418 1327 Joodse
1443 1267 1524 1327 man
1554 1265 1757 1325 probeerde
1787 1264 1824 1324 de
1852 1265 2011 1325 komkom

356 1336 437 1396 met
459 1336 497 1396 op
527 1336 556 1396 te
578 1336 733 1396 bergen,
752 1339 844 1399 sloeg
874 1339 930 1399 een
960 1339 1071 1399 ander
1093 1339 1158 1399 zijn
1185 1339 1288 1399 pakje
1312 1340 1388 1400 met
1410 1340 1448 1400 de
1472 1339 1551 1399 kost
1573 1339 1629 1399 van
1659 1338 1724 1398 zijn
1754 1336 1889 1396 geweer
1911 1339 1965 1399 uit
1984 1339 2044 1399 zijn

352 1410 524 1470 handen;
545 1407 582 1467 de
606 1409 879 1469 komkommer
898 1409 993 1469 werd
1017 1410 1205 1470 opgepakt
1226 1413 1260 1473 en
1290 1413 1326 1473 de
1351 1412 1459 1472 straat
1480 1411 1726 1471 opgezwiept.
1748 1410 1838 1470 Hier
1859 1411 1999 1471 werden
2026 1410 2052 1470 al

356 1482 399 1542 de
429 1482 537 1542 soden
567 1481 619 1541 bij
641 1481 757 1541 elkaar
784 1482 822 1542 op
852 1482 928 1542 lege
955 1482 1198 1542 tramwagens
1223 1483 1390 1543 geladen,
1415 1484 1502 1544 voor
1526 1483 1588 1543 het
1610 1484 1756 1544 publiek
1789 1482 1867 1542 reed
1897 1485 1935 1545 de
1962 1485 2030 1545 tram

352 1554 445 1614 niet,
466 1554 548 1614 deze
574 1554 688 1614 waren
714 1554 885 1614 hiervoor
909 1555 1066 1615 speciaal
1085 1557 1346 1617 gerekwireerd
1370 1556 1621 1616 (gevorderd).
1642 1557 1789 1617 Daarna
1810 1556 1978 1616 hoorden
2007 1557 2051 1617 we

350 1625 468 1685 tuzie.
494 1625 597 1685 Onze
622 1627 935 1687 bovenbuurman
968 1626 1145 1686 weigerde
1173 1628 1236 1688 zijn
1269 1628 1579 1688 persoonshewijs
1605 1628 1635 1688 te
1661 1627 1754 1687 laten
1784 1627 1857 1687 zien
1888 1627 1925 1687 en
1959 1628 2049 1688 werd

355 1699 399 1759 op
429 1695 578 1755 staande
608 1696 689 1756 voet
714 1697 1006 1757 meegenomen.
1031 1700 1176 1760 Daarna
1203 1698 1298 1758 werd
1323 1698 1357 1758 er
1380 1697 1431 1757 bij
1456 1699 1520 1759 ons
1545 1700 1682 1760 zonder
1709 1699 1910 1759 ophouden
1942 1699 1979 1759 op
2016 1700 2050 1760 de

356 1766 419 1826 bel
438 1767 610 1827 gedrukt.
631 1768 707 1828 Het
726 1768 795 1828 was
819 1769 856 1829 de
883 1770 1070 1830 Deutsche
1094 1769 1229 1829 Polizei
1248 1769 1282 1829 en
1311 1769 1369 1829 wij
1391 1771 1552 1831 moesten
1581 1769 1668 1829 onze
1692 1769 2049 1829 persoonshewijzen

350 1840 485 1900 tonen.
507 1837 618 1897 Greet
640 1838 708 1898 was
730 1840 1022 1900 hypernerveus.
1041 1843 1088 1903 Le
1113 1843 1181 1903 had
1205 1843 1237 1903 al
1259 1843 1314 1903 een
1341 1843 1450 1903 lichte
1476 1842 1744 1902 astma-aanval
1763 1841 1896 1901 gehad.
1918 1843 1962 1903 Le
1987 1843 2053 1903 wa¬

355 1911 415 1971 ren
441 1910 628 1970 trouwens
652 1912 791 1972 correct
812 1912 848 1972 en
875 1913 1013 1973 zonder
1033 1913 1159 1973 ergens
1181 1915 1265 1975 naar
1287 1915 1315 1975 te
1339 1915 1459 1975 kijken
1485 1913 1670 1973 verdween
1701 1912 1782 1972 deze
1804 1914 1931 1974 positie
1955 1912 2043 1972 weer

389 1972 435 2032 Vij
454 1981 584 2041 gingen
611 1984 701 2044 weer
723 1986 779 2046 aan
809 1985 847 2045 de
872 1986 1053 2046 voorkant
1072 1987 1213 2047 kijken.
1232 1987 1273 2047 Al
1295 1987 1332 2047 de
1357 1986 1481 2046 Joodse
1506 1987 1677 2047 mensen,
1693 1984 1831 2044 bepakt
1853 1984 1888 2044 en
1913 1987 2059 2047 bezakt,

356 2055 503 2115 werden
529 2056 820 2116 meegenomen.
842 2055 896 2115 De
917 2058 1123 2118 Hollandse
1147 2059 1177 2119 ss
1198 2060 1263 2120 liep
1294 2057 1319 2117 te
1343 2058 1596 2118 schreeuwen,
1617 2060 1650 2120 ze
1671 2059 1800 2119 gingen
1829 2058 1868 2118 ijs
1888 2059 1963 2119 eten
1992 2061 2048 2121 aan

355 2126 397 2186 de
429 2126 625 2186 overzijde.
649 2124 845 2184 Vlotseling
874 2130 1113 2190 luchtalarm.
1139 2127 1396 2187 Amerikaanse
1426 2127 1614 2187 toestellen
1646 2127 1773 2187 vlogen
1805 2128 1900 2188 over.
1924 2127 2051 2187 Duitse

357 2194 473 2254 jagers
493 2199 623 2259 gingen
651 2199 688 2259 de
708 2199 813 2259 lucht
833 2199 884 2259 in.
904 2200 1011 2260 Tegen
1040 2201 1161 2261 twaalf
1179 2201 1247 2261 uur
1267 2201 1357 2261 weer
1374 2202 1612 2262 luchtalarm.
1632 2201 1743 2261 Greet
1763 2199 1799 2259 en
1825 2201 1901 2261 Cor
1921 2202 2046 2262 gingen

356 2270 459 2330 eten,
479 2270 607 2330 daarna
633 2270 715 2330 even
741 2270 827 2330 naar
845 2270 932 2330 bed.
953 2270 1063 2330 Greet
1081 2272 1189 2332 stond
1215 2270 1305 2330 weer
1326 2270 1363 2330 op
1394 2270 1431 2330 en
1457 2271 1555 2331 heeft
1575 2270 1635 2330 het
1656 2270 1731 2330 eten
1757 2270 1852 2330 klaar
1873 2272 2056 2332 gemaakt.

361 2342 594 2402 Vanmiddag
621 2339 711 2399 weer
730 2342 969 2402 luchtalarm,
991 2342 1025 2402 er
1044 2342 1140 2402 werd
1164 2342 1379 2402 geschoten.

345 2411 378 2471 Ik
405 2411 472 2471 ben
498 2411 586 2471 twee
613 2412 675 2472 ons
699 2413 974 2473 aangekomen.
995 2411 1026 2471 Ik
1053 2411 1115 2471 heb
1146 2413 1305 2473 vandaag
1334 2411 1419 2471 voor
1443 2412 1503 2472 het
1524 2412 1615 2472 eerst
1636 2412 1696 2472 een
1722 2413 1836 2473 perzik
1865 2413 2000 2473 gehad.
2021 2411 2047 2471 lk

352 2482 450 2542 vond
475 2482 536 2542 het
554 2482 609 2542 erg
629 2482 766 2542 lekker.
781 2482 859 2542 Het
877 2483 945 2543 was
965 2483 1190 2543 schitterend
1213 2482 1316 2542 mooi
1337 2482 1425 2542 weer
1445 2484 1619 2544 vandaar,
1640 2483 1741 2543 maar
1759 2481 1938 2541 niemand
1958 2481 2054 2541 heeft

356 2551 394 2611 et
418 2556 477 2616 van
506 2557 658 2617 kunnen
684 2556 870 2616 genieten.
891 2555 947 2615 De
971 2555 1032 2615 dag
1059 2557 1084 2617 is
1105 2556 1175 2616 nog
1201 2554 1278 2614 niet
1299 2554 1353 2614 ten
1379 2554 1485 2614 einde
1511 2554 1547 2614 en
1575 2554 1625 2614 we
1648 2554 1769 2614 hopen
1798 2554 1857 2614 dat
1878 2554 1911 2614 er
1932 2554 2009 2614 niet
2030 2556 2059 2616 al

345 2628 378 2688 te
404 2626 481 2686 veel
502 2629 750 2689 verrassingen
779 2629 895 2689 zullen
921 2629 1083 2689 komen.
