2479 3508
440 342 451 402 3
478 336 545 396 juli
565 336 647 396 1943
674 334 834 394 zaterdag

451 404 686 464 Vanmorgen
717 404 839 464 achter
862 403 981 463 elkaar
1004 404 1198 464 tweemaal
1216 404 1454 464 luchtalarm,
1480 404 1609 464 daarna
1635 404 1803 464 kwamen
1831 404 1867 464 er
1888 406 2040 466 Engelse
2067 406 2144 466 vlie¬

442 478 522 538 gers
547 476 586 536 en
617 476 672 536 die
697 477 841 537 hebben
872 479 911 539 de
939 479 1150 539 gashouder
1172 476 1202 536 in
1236 476 1333 536 Oost
1356 476 1694 536 gebombardeerd.
1719 477 1800 537 Ook
1833 478 1902 538 was
1928 479 1961 539 er
1983 479 2055 539 nog
2083 480 2138 540 een

441 550 723 610 luchtgevecht,
746 552 846 612 maar
871 551 952 611 alles
976 551 1044 611 was
1072 551 1148 611 vlug
1180 551 1392 611 afgelopen.
1414 551 1444 611 lk
1477 551 1574 611 kwam
1626 551 1718 611 weer
1740 551 1770 611 in
1803 551 1843 611 de
1871 551 1944 611 tuin
1977 551 2006 611 te
2031 553 2147 613 staan.

442 624 504 684 Als
527 622 555 682 ik
587 622 640 682 uit
666 622 703 682 de
732 624 851 684 wagen
882 623 1001 683 wordt
1027 622 1178 682 gehaald
1206 625 1268 685 dan
1300 624 1428 684 kruipt
1451 622 1604 682 Plukkie
1630 625 1664 685 er
1687 625 1737 685 in,
1760 625 1817 685 die
1843 625 1959 685 denkt
1985 625 2141 685 dezelfde

438 696 592 756 rechten
623 696 650 756 te
678 694 842 754 hebben.
873 695 926 755 We
957 697 1098 757 zouden
1129 697 1219 757 eerst
1245 697 1301 757 uit
1324 697 1478 757 geweest
1503 698 1589 758 zijn,
1614 700 1715 760 maar
1738 699 1773 759 er
1799 697 1895 757 kwam
1946 699 2039 759 niets
2067 698 2125 758 van

445 771 500 831 De
527 769 641 829 slager
662 769 723 829 had
758 772 917 832 vandaag
946 770 1028 830 geen
1058 770 1150 830 vlees
1174 771 1261 831 voor
1286 769 1349 829 ons
1373 769 1410 829 en
1442 769 1479 829 de
1506 772 1744 832 groenteman
1779 772 2028 832 aanvankelijk
2057 772 2139 832 geen

441 840 615 900 gtoente,
634 841 732 901 maar
754 840 802 900 we
825 841 968 901 hebben
998 842 1164 902 gelukkig
1191 843 1340 903 groente
1365 840 1561 900 gekregen.
1580 843 1680 903 fruit
1699 840 1770 900 was
1792 840 1824 900 er
1844 840 1919 900 niet
1941 842 1968 902 te
1993 845 2147 905 krijgen.

445 914 480 974 In
515 912 553 972 de
583 912 692 972 krant
715 914 820 974 staat,
846 915 906 975 dat
934 914 972 974 de
1000 915 1151 975 mensen
1184 915 1237 975 die
1268 915 1492 975 clandestien
1523 914 1674 974 groente
1705 914 1742 974 en
1773 913 1861 973 fruit
1887 915 2013 975 halen,
2036 915 2144 975 zware

445 984 597 1044 straften
624 984 738 1044 zullen
768 985 924 1045 krijgen.
946 986 1030 1046 Hun
1061 984 1141 1044 hets
1166 984 1285 1044 wordt
1307 986 1486 1046 verbeurd
1510 987 1694 1047 verklaard
1722 985 1765 1045 (in
1795 989 1914 1049 beslag
1941 987 2144 1047 genomen)

445 1057 487 1117 en
518 1055 545 1115 je
571 1056 673 1116 moet
699 1057 810 1117 weten
843 1058 903 1118 dat
926 1058 1034 1118 alleen
1065 1058 1102 1118 de
1130 1058 1276 1118 banden
1307 1058 1367 1118 van
1398 1058 1521 1118 hetsen
1552 1058 1614 1118 per
1637 1060 1713 1120 stuk
1743 1059 1771 1119 f.
1791 1058 1897 1118 200,-
1920 1059 2068 1119 kosten.
2091 1058 2144 1118 De

445 1130 600 1190 mensen
626 1130 737 1190 tijden
763 1130 840 1190 hier
861 1132 923 1192 dan
955 1131 1016 1191 ook
1048 1130 1084 1190 op
1115 1130 1153 1190 de
1177 1130 1319 1190 velgen,
1340 1130 1376 1190 of
1394 1130 1534 1190 houten
1560 1130 1684 1190 wielen
1713 1131 1746 1191 of
1767 1130 1829 1190 het
1847 1131 2026 1191 voorwiel
2044 1130 2067 1190 is
2088 1131 2145 1191 het

441 1199 573 1259 wieltje
604 1201 661 1261 van
695 1201 754 1261 een
785 1201 966 1261 autoped,
990 1203 1026 1263 of
1049 1203 1083 1263 ze
1109 1201 1253 1261 hebben
1285 1204 1355 1264 hun
1389 1204 1482 1264 oude
1510 1203 1658 1263 banden
1689 1204 1772 1264 over
1795 1204 1914 1264 elkaar
1940 1204 2054 1264 gezet,
2077 1202 2144 1262 wat

442 1275 664 1335 ontzettend
691 1273 802 1333 zwaar
824 1274 948 1334 tietsen
975 1276 1017 1336 is.
1041 1275 1094 1335 De
1118 1276 1319 1336 baktietsen
1349 1276 1460 1336 rijden
1492 1276 1659 1336 allemaal
1683 1276 1720 1336 op
1749 1276 1889 1336 houten
1919 1276 2064 1336 wielen,
2083 1277 2144 1337 het

443 1350 472 1410 is
497 1348 597 1408 soms
622 1348 678 1408 een
708 1348 808 1408 leven
838 1348 884 1408 als
909 1348 968 1408 een
998 1348 1163 1408 oordeel.
1185 1348 1266 1408 Dus
1288 1348 1342 1408 bij
1364 1348 1488 1408 gebrek
1521 1350 1578 1410 aan
1611 1351 1746 1411 rubber
1771 1348 1914 1408 hebben
1947 1350 1984 1410 de
2012 1348 2139 1408 Duitse

441 1421 687 1481 vrachtantos
709 1420 833 1480 wielen
860 1422 915 1482 die
940 1422 976 1482 op
1009 1421 1136 1481 ijzeren
1162 1422 1401 1482 rupsbanden
1425 1422 1555 1482 lopen.
1582 1423 1759 1483 Wanneer
1781 1422 1849 1482 zon
1884 1422 2040 1482 colonne
2067 1422 2141 1482 pas-

439 1490 536 1550 seert
561 1494 621 1554 aan
654 1493 799 1553 vergaat
817 1494 932 1554 horen
960 1494 997 1554 en
1022 1494 1097 1554 zien
1125 1495 1170 1555 je.

434 1563 469 1623 Ik
501 1563 570 1623 leer
594 1563 634 1623 om
679 1563 735 1623 me
764 1563 798 1623 om
847 1563 876 1623 te
903 1564 1043 1624 draaien
1075 1566 1112 1626 en
1142 1566 1205 1626 het
1224 1566 1306 1626 lukt
1328 1566 1357 1626 al
1379 1566 1461 1626 heel
1482 1567 1591 1627 goed,
1615 1566 1679 1626 ook
1711 1567 1790 1627 gaat
1812 1566 1876 1626 het
1897 1566 1929 1626 al
1948 1566 2025 1626 veel
2046 1565 2144 1625 beter

447 1634 624 1694 wanneer
647 1637 672 1697 ik
703 1636 739 1696 op
770 1636 831 1696 wil
849 1637 977 1697 zitten.

444 1784 458 1844 4
485 1784 549 1844 juli
570 1781 651 1841 1943
678 1781 812 1841 zondag

439 1851 516 1911 He,
532 1849 593 1909 he,
609 1849 635 1909 ik
662 1850 726 1910 ben
753 1849 843 1909 weer
864 1852 947 1912 eens
965 1852 1035 1912 wat
1053 1852 1330 1912 aangekomen,
1351 1852 1412 1912 270
1439 1854 1553 1914 gram,
1572 1854 1673 1914 maar
1692 1852 1718 1912 ik
1745 1852 1808 1912 heb
1838 1854 1902 1914 ook
1928 1855 2074 1915 gegeten
2104 1853 2143 1913 als

443 1916 505 1976 een
531 1921 769 1981 struikrover,
787 1921 813 1981 ik
839 1921 903 1981 kan
932 1922 1030 1982 maar
1051 1921 1125 1981 niet
1144 1923 1280 1983 genoeg
1307 1922 1464 1982 krijgen.
1488 1923 1717 1983 Vanmorgen
1743 1922 1805 1982 zijn
1834 1921 1880 1981 we
1906 1921 1958 1981 uit
1979 1921 2144 1981 geweest,

441 1992 639 2052 sigaretten
666 1993 816 2053 gehaald
838 1993 925 2053 voor
946 1995 1020 2055 Cor
1042 1993 1065 2053 t.
1081 1993 1155 2053 8.zo
1185 1993 1240 2053 een
1269 1993 1412 2053 doosje.
1431 1994 1528 2054 Eerst
1547 1993 1695 2053 hadden
1719 1993 1766 2053 we
1790 1996 2028 2056 luchtalarm,
2047 1996 2142 2056 maar

436 2064 592 2124 daarna,
618 2064 791 2124 ondanks
818 2064 880 2124 dat
906 2064 942 2124 er
965 2064 1033 2124 wel
1059 2067 1282 2127 vliegtuigen
1313 2065 1344 2125 in
1378 2064 1419 2124 de
1445 2064 1551 2124 lucht
1580 2065 1694 2125 waren
1725 2065 1805 2125 niet
1832 2067 1943 2127 meer.
1972 2064 2057 2124 loen
2094 2064 2150 2124 we¬

439 2136 539 2196 terug
570 2136 734 2196 kwamen
762 2136 825 2196 heb
856 2136 883 2196 ik
911 2136 1136 2196 havermout
1159 2138 1326 2198 gegeten,
1349 2138 1478 2198 daarna
1503 2136 1596 2196 weer
1617 2136 1647 2196 in
1678 2136 1718 2196 de
1741 2138 1839 2198 tuin,
1860 2136 1941 2196 toen
1969 2137 2067 2197 kwam
2115 2136 2143 2196 er

430 2207 566 2267 bezoek
598 2207 635 2267 en
665 2208 760 2268 werd
782 2208 808 2268 ik
838 2209 1086 2269 bewonderd.
1107 2208 1275 2268 Ledereen
1302 2210 1408 2270 vindt
1430 2208 1496 2268 mij
1518 2208 1547 2268 in
1574 2208 1758 2268 blakende
1785 2208 2022 2268 gezondheid
2046 2208 2083 2268 en
2110 2210 2142 2270 re

434 2276 691 2336 bewonderen
722 2279 890 2339 allemaal
911 2279 1000 2339 mijn
1031 2279 1163 2339 bruine
1192 2279 1329 2339 benen.
1355 2276 1431 2336 Het
1454 2278 1480 2338 is
1506 2279 1620 2339 negen
1654 2279 1721 2339 uur
1748 2278 1919 2338 geweest,
1943 2276 2004 2336 het
2031 2278 2054 2338 is
2080 2280 2137 2340 een

434 2348 554 2408 beetje
579 2348 728 2408 somber
750 2350 842 2410 weer
864 2351 1057 2411 geworden
1085 2351 1123 2411 en
1150 2351 1213 2411 het
1232 2351 1373 2411 regent.
1393 2351 1425 2411 Ik
1450 2351 1493 2411 lig
1521 2351 1646 2411 lekker
1665 2352 1695 2412 in
1722 2352 1809 2412 mijn
1839 2351 1945 2411 bedje
1970 2351 2008 2411 en
2036 2351 2144 2411 Greet

439 2423 483 2483 en
510 2423 586 2483 Cor
608 2423 752 2483 hebben
780 2423 856 2483 met
875 2425 929 2485 me
954 2423 1117 2483 gestoeid
1142 2424 1177 2484 en
1205 2425 1245 2485 nu
1275 2423 1433 2483 probeer
1452 2425 1482 2485 ik
1510 2426 1537 2486 te
1561 2426 1702 2486 slapen.

475 3227 528 3287 78
