2479 3508
445 339 481 399 12
506 339 571 399 juli
591 339 673 399 1943
698 339 875 399 maandag

452 407 662 467 Tweemaal
679 409 875 469 luchtalarm
923 410 1100 470 vandaag.
1122 410 1222 470 Eerst
1244 410 1260 470 's
1283 409 1471 469 morgens,
1494 410 1574 470 toen
1604 410 1621 470 's
1643 410 1829 470 middags.
1854 410 1909 470 We
1931 413 2061 473 gingen
2089 413 2150 473 het

441 482 656 542 wandelen,
678 482 776 542 maar
798 482 863 542 zijn
893 482 969 542 niet
988 483 1075 543 naar
1097 485 1179 545 huis
1204 484 1356 544 gegaan.
1383 482 1437 542 We
1462 483 1527 543 zijn
1555 482 1701 542 heerlijk
1732 483 1786 543 uit
1805 482 1960 542 geweest
1982 485 2066 545 naar
2088 485 2148 545 het

439 554 698 614 Beatrixpark,
712 556 758 616 ja,
775 554 810 614 zo
835 554 955 614 wordt
974 557 1037 617 het
1053 557 1094 617 nu
1125 557 1201 617 niet
1217 557 1422 617 genoemd.
1441 555 1526 615 Men
1553 557 1632 617 zegt
1651 557 2033 617 Diepenbrockpark,
2050 557 2145 617 maar

442 628 498 688 bij
517 627 581 687 ons
600 625 697 685 blijft
715 626 795 686 alles
813 627 863 687 bij
882 627 944 687 het
962 628 1074 688 oude.
1092 628 1139 688 zo
1164 628 1190 688 is
1211 628 1273 688 ook
1300 628 1362 688 het
1384 628 1621 688 Wilhelmina
1645 628 1822 688 Gasthuis
1847 628 2146 688 Westergasthuis

442 700 641 760 geworden
692 700 730 760 en
781 700 844 760 het
884 702 1022 762 Juliana
1070 703 1289 763 ziekenhuis
1331 703 1359 763 is
1401 703 1542 763 Suliana
1590 701 1651 761 van
1701 703 1868 763 Stolberg
1915 703 2149 763 ziekenhuis.

456 773 724 833 Verschillende
747 775 877 835 straten
902 775 965 835 zijn
993 775 1052 835 van
1080 775 1165 835 naam
1210 775 1428 835 veranderd.
1448 776 1542 836 Jozet
1561 775 1761 835 Israélkade
1783 775 1808 835 is
1830 775 2068 835 Tooropkade
2094 775 2140 835 ge¬

444 845 617 905 worden.
638 846 936 906 Sarphatistraat,
959 846 1017 906 een
1047 848 1108 908 der
1131 846 1262 906 oudste
1285 846 1416 906 straten
1446 847 1507 907 van
1537 846 1790 906 Amsterdam,
1813 846 1838 906 is
1861 846 2146 906 Mluiderschans

447 918 664 978 geworden.
688 919 853 979 Herman
884 919 1201 979 Heijermansweg
1231 920 1255 980 is
1283 919 1356 979 sack
1389 918 1573 978 Verkweg,
1597 921 1676 981 enz.
1701 919 1795 979 enz.,
1817 918 1934 978 teveel
1958 918 1996 978 om
2045 918 2083 978 op
2116 918 2143 978 te

448 990 633 1050 noemen.
658 990 711 1050 We
736 990 879 1050 hebben
908 992 990 1052 daar
1007 990 1154 1050 heerlijk
1184 992 1237 1052 uit
1256 991 1364 1051 zitten
1389 991 1533 1051 blazen.
1553 991 1630 1051 Cor
1652 990 1688 1050 en
1716 991 1827 1051 Greet
1846 990 1993 1050 hebben
2015 990 2140 1050 buiten

447 1061 513 1121 een
540 1061 669 1121 sigaret
691 1061 847 1121 gerookt
868 1064 905 1124 en
932 1065 1077 1125 hadden
1109 1064 1146 1124 op
1176 1064 1262 1124 mijn
1292 1064 1485 1124 snoepbon
1512 1063 1644 1123 hopjes
1665 1063 1842 1123 gekocht,
1864 1063 1898 1123 zo
1925 1063 1993 1123 was
2017 1064 2049 1124 er
2073 1061 2125 1121 ten

441 1136 579 1196 minste
603 1136 669 1196 iets
693 1136 722 1196 te
746 1136 937 1196 sabbelen.
959 1137 990 1197 Ik
1020 1136 1083 1196 heb
1115 1136 1312 1196 tweemaal
1333 1136 1420 1196 warm
1469 1136 1545 1196 eten
1577 1136 1635 1196 dat
1657 1136 1718 1196 wil
1739 1136 1869 1196 zeggen
1899 1136 2140 1196 aardappelen

442 1207 486 1267 en
517 1210 663 1270 groente
694 1209 827 1269 gehad,
850 1208 913 1268 ook
947 1207 1008 1267 heb
1042 1207 1069 1267 ik
1100 1207 1194 1267 weer
1216 1207 1277 1267 een
1306 1207 1478 1267 gestoofd
1503 1207 1591 1267 uitje
1617 1207 1753 1267 gehad,
1775 1209 1969 1269 aangezien
1997 1207 2025 1267 ik
2056 1207 2147 1267 weer

442 1282 498 1342 erg
527 1282 717 1342 hardlijvig
743 1282 831 1342 ben.
851 1282 882 1342 Ik
911 1282 973 1342 heb
1004 1282 1038 1342 er
1061 1279 1246 1339 trouwens
1269 1282 1436 1342 buikpijn
1468 1282 1527 1342 van
1559 1282 1735 1342 gekregen
1763 1282 1800 1342 en
1826 1282 1914 1342 mijn
1945 1283 2141 1343 ontlasting

443 1353 515 1413 was
541 1357 606 1417 iets
628 1357 811 1417 soepeler.

445 1502 478 1562 13
502 1503 568 1563 juli
590 1500 671 1560 1943
695 1500 840 1560 dinsdag

444 1571 524 1631 Het
547 1569 570 1629 is
597 1569 710 1629 negen
742 1569 809 1629 uur
835 1570 990 1630 geweest
1014 1569 1052 1629 en
1084 1569 1112 1629 ik
1143 1567 1205 1627 heb
1239 1568 1327 1628 voor
1353 1572 1513 1632 vandaag
1545 1569 1635 1629 weer
1659 1569 1747 1629 mijn
1778 1572 1902 1632 laatste
1931 1571 2083 1631 voeding
2117 1569 2143 1629 te

448 1641 615 1701 pakken.
635 1640 668 1700 Ik
700 1640 779 1700 sliep
814 1640 943 1700 terwijl
966 1640 991 1700 ik
1023 1641 1071 1701 at.
1099 1642 1156 1702 We
1182 1640 1326 1700 hebben
1357 1643 1439 1703 geen
1468 1642 1669 1702 luchtalarm
1717 1644 1853 1704 gehad.
1879 1643 1935 1703 We
1961 1644 2026 1704 zijn
2057 1643 2145 1703 weer

441 1712 563 1772 wezen
595 1711 804 1771 wandelen,
828 1714 913 1774 naar
940 1715 979 1775 de
1009 1712 1136 1772 Albert
1160 1715 1401 1775 Cuypstraat.
1425 1713 1480 1773 bij
1507 1715 1544 1775 de
1573 1715 1812 1775 groenteman
1847 1715 2024 1775 gevraagd
2053 1712 2088 1772 of
2114 1714 2146 1774 er

444 1786 515 1846 ook
547 1784 610 1844 iets
640 1785 700 1845 van
730 1786 819 1846 truit
846 1786 872 1846 te
902 1785 1036 1845 krijgen
1068 1786 1153 1846 was,
1177 1787 1277 1847 maar
1301 1790 1394 1850 niets
1423 1787 1481 1847 van
1516 1787 1576 1847 dat
1600 1785 1645 1845 al.
1677 1786 1730 1846 We
1756 1787 1902 1847 hebben
1934 1787 1973 1847 nu
2010 1788 2039 1848 in
2074 1788 2142 1848 drie

442 1855 567 1915 weken
595 1858 626 1918 al
647 1858 729 1918 geen
757 1860 845 1920 fruit
865 1861 1004 1921 gezien,
1027 1859 1061 1919 er
1081 1860 1200 1920 wordt
1224 1861 1337 1921 direct
1360 1861 1397 1921 op
1429 1861 1465 1921 de
1491 1861 1619 1921 veiling
1647 1859 1678 1919 al
1696 1861 1812 1921 beslag
1841 1863 1965 1923 gelegd
1991 1861 2082 1921 door
2108 1858 2142 1918 de

454 1925 703 1985 Weermacht.
723 1929 768 1989 Zo
794 1930 819 1990 is
836 1930 898 1990 het
919 1929 992 1989 met
1012 1930 1106 1990 alles,
1126 1931 1207 1991 geen
1233 1930 1352 1990 paling
1375 1930 1511 1990 krijgen
1537 1930 1605 1990 we,
1619 1930 1738 1990 beslag
1764 1930 1905 1990 gelegd,
1923 1930 2004 1990 geen
2033 1929 2143 1989 asper¬

449 2003 523 2063 ges,
543 2001 659 2061 beslag
687 2001 828 2061 gelegd.
850 2000 892 2060 Er
917 1999 1047 2059 mogen
1075 2001 1105 2061 in
1133 1999 1194 2059 een
1219 2002 1584 2062 kersenboomgaard
1612 2000 1695 2060 geen
1723 1999 1848 2059 kersen
1876 2000 1972 2060 meer
1995 1999 2141 2059 gegeten

444 2070 616 2130 worden,
640 2071 732 2131 zoals
759 2070 820 2130 dat
844 2070 926 2130 toch
958 2070 1058 2130 altijd
1085 2070 1145 2130 een
1175 2072 1381 2132 Hollandse
1410 2070 1606 2130 gewoonte
1635 2071 1717 2131 was.
1741 2072 1871 2132 Entin,
1895 2070 1953 2130 wij
1977 2072 2141 2132 wachten

444 2141 531 2201 alles
553 2142 666 2202 rustig
696 2143 742 2203 af.

442 2285 478 2345 14
506 2284 569 2344 juli
592 2282 672 2342 1943
697 2282 880 2342 woensdag

450 2353 679 2413 Vanmorgen
712 2353 750 2413 om
800 2354 853 2414 zes
881 2354 946 2414 uur
972 2357 1206 2417 luchtalarm,
1231 2357 1269 2417 om
1317 2354 1420 2414 zeven
1453 2354 1518 2414 uur
1546 2354 1649 2414 weer.
1672 2354 1748 2414 Het
1773 2356 1841 2416 was
1869 2357 2015 2417 gewoon
2053 2356 2088 2416 of
2113 2354 2141 2414 ze

442 2426 485 2486 de
510 2427 659 2487 mensen
686 2427 830 2487 wakker
852 2426 977 2486 wilden
1004 2429 1175 2489 houden.
1200 2431 1270 2491 Wij
1289 2429 1435 2489 konden
1466 2427 1503 2487 de
1528 2427 1612 2487 slaap
1645 2429 1720 2489 niet
1740 2429 1837 2489 meer
1859 2429 1995 2489 vatten.
2014 2429 2046 2489 Ik
2076 2429 2136 2489 heb

441 2500 669 2560 vanmorgen
696 2497 753 2557 een
778 2499 826 2559 vlo
854 2500 984 2560 gehad,
1000 2500 1052 2560 hij
1071 2500 1165 2560 heeft
1188 2500 1239 2560 me
1263 2500 1334 2560 vier
1353 2500 1480 2560 vlekjes
1502 2501 1667 2561 gebeten.
1687 2500 1762 2560 Dat
1779 2502 1803 2562 is
1828 2501 1863 2561 de
1888 2501 1993 2561 eerste
2015 2500 2064 2560 vlo
2091 2501 2140 2561 die

440 2575 499 2635 me
528 2572 673 2632 gebeten
701 2573 801 2633 heeft
824 2574 861 2634 en
890 2574 937 2634 we
963 2575 1106 2635 hebben
1137 2575 1177 2635 de
1203 2575 1302 2635 strijd
1328 2577 1612 2637 aangebonden.
1633 2575 1664 2635 Ik
1695 2575 1757 2635 heb
1789 2575 2008 2635 vanmiddag
2040 2576 2142 2636 danig

441 2646 602 2706 gekrijst.
623 2647 654 2707 Ik
685 2649 756 2709 had
782 2648 864 2708 geen
893 2648 944 2708 zin
975 2649 1012 2709 om
1061 2649 1089 2709 in
1121 2649 1160 2709 de
1186 2649 1308 2709 wagen
1337 2649 1365 2709 te
1388 2650 1524 2710 liggen.
1550 2647 1658 2707 Greet
1681 2646 1780 2706 heeft
1804 2647 1857 2707 me
1886 2649 1965 2709 toen
1997 2649 2136 2709 rechtop

447 2725 560 2785 gezet,
582 2721 639 2781 een
664 2719 788 2779 poosje
812 2722 907 2782 vond
932 2722 956 2782 ik
986 2721 1045 2781 dat
1065 2721 1129 2781 wel
1148 2723 1246 2783 leuk,
1262 2724 1360 2784 maar
1379 2724 1462 2784 heel
1479 2722 1563 2782 gauw
1604 2721 1693 2781 werd
1720 2721 1744 2781 ik
1772 2724 1853 2784 moe
1877 2724 1912 2784 en
1942 2724 2004 2784 dus
2026 2724 2137 2784 begon

433 2793 466 2853 ik
491 2795 519 2855 te
545 2796 723 2856 jengelen.
743 2796 773 2856 Ik
802 2796 863 2856 heb
891 2796 969 2856 toen
997 2797 1072 2857 eten
1098 2796 1271 2856 gekregen
1299 2799 1336 2859 en
1361 2799 1489 2859 daarna
1512 2799 1598 2859 haar
1615 2799 1702 2859 bed.
1721 2799 1749 2859 Ik
1778 2797 1855 2857 sliep
1884 2799 1973 2859 shel.

436 2939 469 2999 15
493 2942 558 3002 juli
579 2940 663 3000 1943
690 2942 892 3002 donderdag

451 3011 684 3071 Vanmorgen
711 3011 749 3071 om
792 3011 846 3071 zes
866 3011 933 3071 uur
955 3011 1044 3071 weer
1063 3014 1302 3074 luchtalarm.
1326 3013 1380 3073 We
1402 3013 1467 3073 zijn
1497 3014 1535 3074 de
1557 3014 1632 3074 hele
1657 3014 1719 3074 dag
1747 3014 1844 3074 thuis
1863 3014 2055 3074 gebleven.
2075 3014 2147 3074 Het

439 3080 513 3140 was
540 3083 767 3143 schitterend
797 3084 900 3144 weer.
921 3084 953 3144 Ik
985 3085 1048 3145 heb
1083 3088 1229 3148 heerlijk
1261 3085 1292 3145 in
1327 3085 1364 3145 de
1393 3086 1467 3146 tuin
1502 3085 1642 3145 gestaan
1677 3086 1714 3146 en
1748 3087 1785 3147 de
1815 3087 1965 3147 mensen
1997 3085 2140 3145 hebben
