2479 3508
349 334 439 394 mijn
474 330 606 390 bruine
637 330 754 390 benen
788 331 1037 391 bewonderd.
1064 333 1095 393 Ik
1131 333 1193 393 heb
1230 333 1318 393 twee
1349 333 1534 393 gekookte
1565 336 1729 396 tomaten
1765 336 1934 396 gegeten,
1963 337 2059 397 want

349 404 434 464 rauw
471 404 559 464 truit
578 401 663 461 krijg
690 401 716 461 ik
743 403 817 463 niet
839 404 951 464 meer,
969 404 1161 464 aangezien
1188 402 1222 462 er
1238 401 1315 461 hier
1334 401 1379 461 62
1401 401 1558 461 gevallen
1584 404 1645 464 van
1672 403 2050 463 kinderverlamming

353 472 443 532 zijn.
467 475 508 535 Er
531 475 596 535 zijn
627 476 710 536 geen
738 475 880 535 serums
904 475 940 535 en
971 474 1010 534 de
1036 473 1170 533 meeste
1196 473 1370 533 kinderen
1398 473 1543 533 hebben
1572 473 1657 533 geen
1686 475 1887 535 weerstand
1913 476 2055 536 wegens

358 548 662 608 ondervoeding.
686 548 789 608 Onze
813 548 992 608 doktoren
1019 548 1082 608 zijn
1112 548 1281 608 vanwege
1308 548 1390 608 deze
1414 548 1641 608 epidemieen
1673 548 1710 608 op
1739 550 1824 610 vrije
1848 551 1974 611 voeten
2001 551 2049 611 ge¬

357 619 479 679 steld.

355 766 388 826 16
417 766 481 826 juli
503 766 584 826 1943
609 766 741 826 vrijdag

364 834 424 894 We
451 837 597 897 hebben
627 838 787 898 vandaag
819 837 879 897 een
909 837 1117 897 wandeling
1148 838 1209 898 van
1242 839 1312 899 drie
1343 839 1426 899 uren
1459 840 1630 900 gemaakt
1654 840 1692 900 en
1725 840 1868 900 hebben
1901 840 1958 900 een
1990 842 2055 902 uut

357 910 527 970 gezeten.
553 909 607 969 We
630 909 762 969 gingen
790 911 829 971 om
873 909 906 969 12
930 911 997 971 uur
1023 912 1059 972 de
1085 912 1172 972 deur
1196 909 1247 969 uit
1271 909 1304 969 en
1335 909 1449 969 waren
1477 911 1516 971 om
1563 912 1578 972 4
1601 912 1668 972 uur
1692 910 1826 970 precies
1849 913 1962 973 thuis.
1983 913 2055 973 Het

357 981 428 1041 was
452 981 621 1041 heerlijk,
638 982 764 1042 buiten
791 981 892 1041 kreeg
921 983 947 1043 ik
974 984 1061 1044 mijn
1090 981 1329 1041 havermout.
1350 981 1381 1041 Ik
1408 981 1471 1041 heb
1503 984 1590 1044 voor
1612 984 1675 1044 het
1697 984 1787 1044 eerst
1808 984 1866 1044 van
1895 984 1982 1044 mijn
2012 981 2051 1041 le¬

353 1049 417 1109 ven
446 1052 503 1112 een
529 1054 627 1114 grote
651 1055 746 1115 sloot
767 1055 907 1115 gezien,
926 1056 1024 1116 vond
1047 1055 1109 1115 het
1128 1055 1179 1115 erg
1205 1055 1439 1115 interessant.
1457 1054 1488 1114 Ik
1514 1053 1597 1113 keek
1625 1057 1825 1117 tenminste
1848 1056 1934 1116 mijn
1962 1058 2050 1118 ogen

351 1129 425 1189 uit.
445 1127 556 1187 Greet
576 1127 612 1187 en
637 1127 715 1187 Oor
735 1127 879 1187 hebben
904 1128 968 1188 ook
996 1127 1121 1187 buiten
1146 1129 1312 1189 gegeten.
1332 1130 1379 1190 Ze
1402 1128 1549 1188 hadden
1574 1129 1632 1189 een
1657 1130 1891 1190 thermostles
1911 1130 1963 1190 bij
1980 1130 2049 1190 zich

354 1200 395 1260 en
423 1198 506 1258 hard
534 1198 714 1258 gekookte
740 1198 854 1258 eitjes,
873 1200 942 1260 wat
962 1200 1020 1260 een
1048 1203 1181 1263 weelde
1207 1200 1245 1260 is.
1271 1198 1326 1258 We
1349 1201 1421 1261 zien
1449 1201 1509 1261 alle
1535 1201 1607 1261 drie
1629 1201 1773 1261 heerlijk
1802 1201 1926 1261 bruin.
1955 1201 2057 1261 Thuis

358 1270 543 1330 gekomen
567 1270 665 1330 kreeg
692 1273 718 1333 ik
745 1272 890 1332 stoofsla
914 1273 951 1333 en
975 1273 1240 1333 aardappelen,
1256 1273 1319 1333 heb
1346 1273 1425 1333 toen
1452 1272 1521 1332 nog
1548 1272 1613 1332 wat
1632 1272 1661 1332 in
1688 1272 1725 1332 de
1749 1273 1823 1333 tuin
1850 1273 1990 1333 gestaan
2017 1273 2048 1333 en

361 1345 493 1405 daarna
516 1345 601 1405 naar
621 1345 709 1405 bed.
729 1345 887 1405 Rusland
913 1345 1015 1405 heeft
1035 1345 1091 1405 een
1120 1345 1290 1405 offensief
1313 1345 1454 1405 (aanval
1491 1347 1678 1407 geopend.
1698 1345 1729 1405 In
1757 1348 1873 1408 Sicilie
1899 1348 1961 1408 zijn
1990 1348 2020 1408 al
2038 1350 2049 1410 g

353 1419 581 1479 vliegvelden
610 1419 650 1479 en
676 1419 708 1479 16
737 1417 896 1477 plaatsen
923 1419 1042 1479 bezet.
1064 1419 1148 1479 Men
1178 1419 1278 1479 heeft
1302 1419 1339 1479 z0
1366 1418 1440 1478 ooo
1469 1419 1724 1479 gevangenen.
1745 1419 1912 1479 Ledereen
1941 1419 1967 1479 is
1992 1420 2050 1480 van

354 1493 507 1553 mening
536 1494 596 1554 dat
616 1494 655 1554 de
681 1494 804 1554 oorlog
836 1494 884 1554 dit
904 1493 975 1553 jaar
998 1491 1083 1551 voor
1103 1492 1166 1552 het
1186 1494 1291 1554 laatst
1309 1492 1348 1552 is.
1374 1491 1442 1551 Wij
1463 1491 1585 1551 hopen
1611 1494 1687 1554 het.

356 1640 392 1700 17
415 1640 479 1700 juli
502 1637 581 1697 1943
606 1637 769 1697 zaterdag

353 1709 424 1769 Een
457 1706 584 1766 zwarte
614 1709 796 1769 bladzijde
827 1708 913 1768 voor
941 1711 1196 1771 Amsterdam.
1226 1709 1387 1769 Vandaag
1420 1709 1564 1769 hebben
1596 1710 1645 1770 we
1673 1709 1789 1769 zowat
1817 1710 1855 1770 de
1885 1710 1961 1770 hele
1991 1715 2050 1775 dag

353 1778 554 1838 luchtalarm
603 1779 736 1839 gehad.
758 1781 869 1841 Greet
888 1781 937 1841 lag
964 1781 1032 1841 nog
1059 1781 1089 1841 in
1116 1781 1184 1841 bed
1211 1781 1246 1841 en
1276 1781 1314 1841 de
1342 1781 1588 1841 Amerikanen
1616 1778 1740 1838 vlogen
1771 1781 1846 1841 zeer
1866 1781 1936 1841 laag
1966 1781 2044 1841 over

356 1850 434 1910 Cor
456 1850 527 1910 kon
557 1849 595 1909 de
619 1850 749 1910 sterren
777 1852 814 1912 en
842 1852 983 1912 strepen
1013 1853 1051 1913 op
1084 1853 1121 1913 de
1146 1851 1365 1911 vliegtuigen
1393 1852 1488 1912 zien.
1507 1852 1583 1912 Cor
1605 1852 1659 1912 zei
1678 1851 1778 1911 tegen
1806 1851 1933 1911 Greet,
1952 1852 2050 1912 kleed

361 1924 389 1984 je
413 1921 526 1981 direct
547 1922 627 1982 aan,
645 1923 740 1983 want
764 1924 823 1984 dat
844 1924 967 1984 cirkelt
986 1924 1063 1984 hier
1081 1924 1179 1984 maar
1200 1924 1308 1984 rond,
1326 1924 1359 1984 er
1378 1923 1445 1983 kon
1473 1924 1540 1984 wel
1558 1924 1638 1984 eens
1659 1924 1721 1984 iets
1742 1924 1943 1984 gebeuren.
1964 1924 2046 1984 Loen

357 1994 457 2054 werd
481 1996 514 2056 er
535 1995 728 2055 plotseling
757 1997 974 2057 geschoten,
995 1995 1077 2055 alles
1098 1996 1206 2056 stond
1233 1998 1356 2058 huiten
1385 1996 1413 2056 te
1436 1996 1671 2056 schreeuwen
1697 1998 1736 2058 en
1762 1997 1793 2057 te
1816 1997 1945 2057 tieren.
1966 1999 2048 2059 Men

359 2067 463 2127 kreeg
491 2070 553 2130 het
573 2067 703 2127 gevoel
724 2070 782 2130 van
811 2068 872 2128 een
898 2070 1048 2130 invasie.

359 2139 457 2199 Toen
488 2139 586 2199 kwam
638 2138 700 2198 het
726 2139 974 2199 ontstellende
1003 2140 1162 2200 bericht.
1201 2139 1256 2199 De
1284 2141 1462 2201 overkant
1488 2141 1550 2201 van
1581 2142 1646 2202 het
1669 2142 1695 2202 ij
1723 2142 1837 2202 zwaar
1863 2142 2056 2202 getroften.

355 2210 412 2270 De
442 2208 504 2268 Van
535 2210 594 2270 der
613 2211 800 2271 Helstraat
817 2211 882 2271 ligt
904 2213 991 2273 plat,
1013 2214 1050 2274 de
1075 2211 1349 2271 Anjelierstraat
1372 2212 1464 2272 dito.
1483 2213 1662 2273 Allemaal
1681 2212 2039 2272 communiekinder

356 2284 422 2344 tjes
450 2282 627 2342 getroffen
656 2282 696 2342 en
723 2282 924 2342 inderdaad
954 2282 988 2342 er
1011 2283 1148 2343 heerste
1178 2282 1286 2342 zware
1313 2282 1426 2342 rouw.
1451 2283 1554 2343 Meer
1582 2282 1643 2342 dan
1673 2283 1847 2343 honderd
1874 2284 2051 2344 personen

360 2354 529 2414 gedood,
547 2354 589 2414 6i
614 2354 727 2414 zwaar
748 2354 788 2414 en
817 2354 918 2414 enige
942 2355 1164 2415 honderden
1188 2354 1280 2414 licht
1302 2354 1479 2414 gewond.
1505 2354 1576 2414 Wim
1624 2354 1685 2414 van
1717 2354 1838 2414 Jannie
1865 2355 1931 2415 was
1955 2355 2061 2415 zoek,

355 2423 402 2483 zij
424 2423 551 2483 woont
575 2423 633 2483 aan
663 2423 702 2483 de
726 2423 917 2483 overkant,
939 2424 1039 2484 maar
1061 2426 1122 2486 dat
1141 2426 1167 2486 is
1188 2425 1270 2485 alles
1292 2424 1384 2484 goed
1409 2426 1610 2486 gekomen.
1634 2425 1679 2485 Zo
1706 2424 1806 2484 heeft
1828 2423 1891 2483 ook
1921 2423 1997 2483 hier
2019 2424 2053 2484 de

358 2494 657 2554 oorlogsellende
683 2494 918 2554 aangeklopt.
935 2494 965 2554 Ik
996 2494 1090 2554 werd
1110 2494 1140 2554 in
1168 2494 1292 2554 allerijl
1312 2496 1550 2556 aangekleed,
1567 2494 1678 2554 zodat
1695 2494 1722 2554 ik
1750 2494 1836 2554 voor
1858 2494 2055 2554 eventuali-

353 2566 467 2626 teiten
492 2569 590 2629 klaar
609 2569 670 2629 zou
700 2570 787 2630 zijn.
812 2566 867 2626 We
892 2568 1006 2628 waren
1033 2569 1110 2629 hier
1132 2569 1299 2629 allemaal
1318 2567 1369 2627 erg
1398 2566 1481 2626 over
1502 2569 1614 2629 stuut.

361 2715 391 2775 18
418 2715 483 2775 juli
504 2715 581 2775 1943
608 2714 742 2774 zondag

351 2786 386 2846 lk
416 2784 481 2844 ben
508 2785 595 2845 twee
623 2786 688 2846 ons
710 2787 748 2847 en
778 2789 816 2849 zo
843 2788 919 2848 gram
969 2789 1243 2849 aangekomen,
1265 2789 1325 2849 dat
1344 2787 1371 2847 is
1393 2787 1420 2847 te
1448 2787 1537 2847 veel.
1562 2787 1616 2847 We
1641 2788 1755 2848 zullen
1783 2787 1845 2847 het
1867 2787 1905 2847 de
1932 2789 2060 2849 dokter

355 2859 507 2919 vragen.
526 2859 569 2919 Et
589 2860 651 2920 zijn
681 2861 749 2921 nog
774 2862 857 2922 geen
885 2863 1015 2923 nadere
1037 2861 1354 2921 bijzonderheden
1376 2860 1526 2920 bekend
1550 2858 1629 2918 over
1648 2859 1710 2919 het
1727 2861 2060 2921 bombardement,

358 2933 474 2993 alleen
504 2936 607 2996 wilde
635 2935 856 2995 geruchten,
879 2936 979 2996 maar
1004 2936 1153 2996 daaraan
1187 2936 1300 2996 willen
1331 2933 1389 2993 wij
1414 2934 1489 2994 niet
1515 2935 1708 2995 toegeven.
1736 2936 1792 2996 We
1817 2934 1886 2994 zijn
1917 2933 1955 2993 de
1983 2933 2055 2993 hele

355 3008 420 3068 dag
454 3009 552 3069 thuis
577 3008 746 3068 geweest,
769 3008 832 3068 het
858 3008 923 3068 was
951 3008 1057 3068 mooi
1083 3008 1173 3068 weer
1196 3008 1234 3068 en
1265 3008 1348 3068 toen
1379 3008 1429 3068 we
1457 3009 1494 3069 om
1543 3008 1598 3068 zes
1624 3008 1691 3068 uur
1717 3011 1866 3071 gegeten
1894 3011 2060 3071 hadden,

355 3082 423 3142 zijn
450 3082 499 3142 we
524 3081 608 3141 gaan
638 3081 847 3141 wandelen.
872 3079 926 3139 We
951 3081 1094 3141 hebben
1122 3079 1211 3139 eerst
1233 3081 1339 3141 Tante
1367 3079 1483 3139 Annie
1508 3079 1545 3139 op
1578 3079 1616 3139 de
1638 3079 1815 3139 Noorder
1837 3079 2054 3139 Amstellaan
