<?xml version="1.0" encoding="UTF-8" standalone="yes"?>
<PcGts xmlns="http://schema.primaresearch.org/PAGE/gts/pagecontent/2013-07-15" xmlns:xsi="http://www.w3.org/2001/XMLSchema-instance" xsi:schemaLocation="http://schema.primaresearch.org/PAGE/gts/pagecontent/2013-07-15 http://schema.primaresearch.org/PAGE/gts/pagecontent/2013-07-15/pagecontent.xsd">
    <Metadata>
        <Creator>prov=READ-COOP:name=PyLaia@TranskribusPlatform:version=2.9.1:model_id=50786:lm=none:date=22_02_2024_15:06</Creator>
        <Created>2024-01-12T15:25:53.695+01:00</Created>
        <LastChange>2024-04-25T12:43:16.076+02:00</LastChange>
        <TranskribusMetadata docId="1744898" pageId="63299974" pageNr="83" tsid="160400628" status="DONE" userId="145668" imgUrl="https://files.transkribus.eu/Get?id=RHKZWRUTNWJRPYSLCEELYNPZ&amp;fileType=view" xmlUrl="https://files.transkribus.eu/Get?id=LAPHSIWRZREHYBBLCUXQTOSX" imageId="51197979"/>
    </Metadata>
    <Page imageFilename="0083_p083.jpg" imageWidth="2479" imageHeight="3508">
        <ReadingOrder>
            <OrderedGroup id="ro_1714088095496" caption="Regions reading order">
                <RegionRefIndexed index="0" regionRef="r"/>
                <RegionRefIndexed index="1" regionRef="r_1905"/>
                <RegionRefIndexed index="2" regionRef="r_2785"/>
                <RegionRefIndexed index="3" regionRef="r_3637"/>
                <RegionRefIndexed index="4" regionRef="r_4286"/>
                <RegionRefIndexed index="5" regionRef="r_4898"/>
                <RegionRefIndexed index="6" regionRef="r_5326"/>
                <RegionRefIndexed index="7" regionRef="r_5727"/>
                <RegionRefIndexed index="8" regionRef="r_5893"/>
                <RegionRefIndexed index="9" regionRef="r_5894"/>
            </OrderedGroup>
        </ReadingOrder>
        <Relations/>
        <TextRegion id="r" custom="readingOrder {index:0;} structure {type:paragraph;}">
            <Coords points="438,345 438,600 2161,600 2161,345"/>
            <TextLine id="tr_1_tl_1" custom="readingOrder {index:0;} person {offset:47; length:3;}">
                <Coords points="451,404 2152,389 2120,335 451,344"/>
                <Baseline points="462,382 546,379 631,377 716,379 801,376 886,377 970,377 1055,376 1140,376 1225,379 1310,379 1394,379 1479,377 1564,378 1649,379 1734,379 1818,379 1903,379 1988,379 2073,379 2158,382"/>
                <Word id="tr_1_tl_1_w1" custom="readingOrder {index:0;}">
                    <Coords points="451,339 451,399 604,399 604,339 451,339 451,339 451,339"/>
                    <TextEquiv>
                        <Unicode>gehaald</Unicode>
                    </TextEquiv>
                </Word>
                <Word id="tr_1_tl_1_w2" custom="readingOrder {index:1;}">
                    <Coords points="628,337 628,397 665,397 665,337 628,337 628,337 628,337"/>
                    <TextEquiv>
                        <Unicode>en</Unicode>
                    </TextEquiv>
                </Word>
                <Word id="tr_1_tl_1_w3" custom="readingOrder {index:2;}">
                    <Coords points="689,338 689,398 755,398 755,338 689,338 689,338 689,338"/>
                    <TextEquiv>
                        <Unicode>zijn</Unicode>
                    </TextEquiv>
                </Word>
                <Word id="tr_1_tl_1_w4" custom="readingOrder {index:3;}">
                    <Coords points="782,336 782,396 861,396 861,336 782,336 782,336 782,336"/>
                    <TextEquiv>
                        <Unicode>toen</Unicode>
                    </TextEquiv>
                </Word>
                <Word id="tr_1_tl_1_w5" custom="readingOrder {index:4;}">
                    <Coords points="888,337 888,397 972,397 972,337 888,337 888,337 888,337"/>
                    <TextEquiv>
                        <Unicode>naar</Unicode>
                    </TextEquiv>
                </Word>
                <Word id="tr_1_tl_1_w6" custom="readingOrder {index:5;}">
                    <Coords points="991,336 991,396 1120,396 1120,336 991,336 991,336 991,336"/>
                    <TextEquiv>
                        <Unicode>huizen</Unicode>
                    </TextEquiv>
                </Word>
                <Word id="tr_1_tl_1_w7" custom="readingOrder {index:6;}">
                    <Coords points="1147,338 1147,398 1263,398 1263,338 1147,338 1147,338 1147,338"/>
                    <TextEquiv>
                        <Unicode>wezen</Unicode>
                    </TextEquiv>
                </Word>
                <Word id="tr_1_tl_1_w8" custom="readingOrder {index:7;}">
                    <Coords points="1288,339 1288,399 1428,399 1428,339 1288,339 1288,339 1288,339"/>
                    <TextEquiv>
                        <Unicode>kijken.</Unicode>
                    </TextEquiv>
                </Word>
                <Word id="tr_1_tl_1_w9" custom="readingOrder {index:8;}">
                    <Coords points="1447,337 1447,397 1523,397 1523,337 1447,337 1447,337 1447,337"/>
                    <TextEquiv>
                        <Unicode>Cor</Unicode>
                    </TextEquiv>
                </Word>
                <Word id="tr_1_tl_1_w10" custom="readingOrder {index:9;}">
                    <Coords points="1544,338 1544,398 1602,398 1602,338 1544,338 1544,338 1544,338"/>
                    <TextEquiv>
                        <Unicode>wil</Unicode>
                    </TextEquiv>
                </Word>
                <Word id="tr_1_tl_1_w11" custom="readingOrder {index:10;}">
                    <Coords points="1618,339 1618,399 1719,399 1719,339 1618,339 1618,339 1618,339"/>
                    <TextEquiv>
                        <Unicode>graag</Unicode>
                    </TextEquiv>
                </Word>
                <Word id="tr_1_tl_1_w12" custom="readingOrder {index:11;}">
                    <Coords points="1746,339 1746,399 1782,399 1782,339 1746,339 1746,339 1746,339"/>
                    <TextEquiv>
                        <Unicode>de</Unicode>
                    </TextEquiv>
                </Word>
                <Word id="tr_1_tl_1_w13" custom="readingOrder {index:12;}">
                    <Coords points="1807,339 1807,399 1883,399 1883,339 1807,339 1807,339 1807,339"/>
                    <TextEquiv>
                        <Unicode>zaak</Unicode>
                    </TextEquiv>
                </Word>
                <Word id="tr_1_tl_1_w14" custom="readingOrder {index:13;}">
                    <Coords points="1912,339 1912,399 2153,399 2153,339 1912,339 1912,339 1912,339"/>
                    <TextEquiv>
                        <Unicode>verplaatsen.</Unicode>
                    </TextEquiv>
                </Word>
                <TextEquiv>
                    <Unicode>gehaald en zijn toen naar huizen wezen kijken. Cor wil graag de zaak verplaatsen.</Unicode>
                </TextEquiv>
            </TextLine>
            <TextLine id="tr_1_tl_2" custom="readingOrder {index:1;}">
                <Coords points="447,449 2156,460 2132,404 447,408"/>
                <Baseline points="459,444 544,447 629,447 714,447 799,447 884,447 969,447 1054,449 1139,447 1224,447 1310,447 1395,447 1480,447 1565,449 1650,448 1735,447 1820,447 1905,449 1990,450 2075,450 2161,453"/>
                <Word id="tr_1_tl_2_w1" custom="readingOrder {index:0;}">
                    <Coords points="449,404 449,464 512,464 512,404 449,404 449,404 449,404"/>
                    <TextEquiv>
                        <Unicode>We</Unicode>
                    </TextEquiv>
                </Word>
                <Word id="tr_1_tl_2_w2" custom="readingOrder {index:1;}">
                    <Coords points="535,407 535,467 678,467 678,407 535,407 535,407 535,407"/>
                    <TextEquiv>
                        <Unicode>hebben</Unicode>
                    </TextEquiv>
                </Word>
                <Word id="tr_1_tl_2_w3" custom="readingOrder {index:2;}">
                    <Coords points="706,407 706,467 741,467 741,407 706,407 706,407 706,407"/>
                    <TextEquiv>
                        <Unicode>op</Unicode>
                    </TextEquiv>
                </Word>
                <Word id="tr_1_tl_2_w4" custom="readingOrder {index:3;}">
                    <Coords points="772,407 772,467 830,467 830,407 772,407 772,407 772,407"/>
                    <TextEquiv>
                        <Unicode>een</Unicode>
                    </TextEquiv>
                </Word>
                <Word id="tr_1_tl_2_w5" custom="readingOrder {index:4;}">
                    <Coords points="855,407 855,467 961,467 961,407 855,407 855,407 855,407"/>
                    <TextEquiv>
                        <Unicode>terras</Unicode>
                    </TextEquiv>
                </Word>
                <Word id="tr_1_tl_2_w6" custom="readingOrder {index:5;}">
                    <Coords points="982,408 982,468 1107,468 1107,408 982,408 982,408 982,408"/>
                    <TextEquiv>
                        <Unicode>buiten</Unicode>
                    </TextEquiv>
                </Word>
                <Word id="tr_1_tl_2_w7" custom="readingOrder {index:6;}">
                    <Coords points="1133,407 1133,467 1276,467 1276,407 1133,407 1133,407 1133,407"/>
                    <TextEquiv>
                        <Unicode>gezeten</Unicode>
                    </TextEquiv>
                </Word>
                <Word id="tr_1_tl_2_w8" custom="readingOrder {index:7;}">
                    <Coords points="1305,407 1305,467 1340,467 1340,407 1305,407 1305,407 1305,407"/>
                    <TextEquiv>
                        <Unicode>en</Unicode>
                    </TextEquiv>
                </Word>
                <Word id="tr_1_tl_2_w9" custom="readingOrder {index:8;}">
                    <Coords points="1365,407 1365,467 1481,467 1481,407 1365,407 1365,407 1365,407"/>
                    <TextEquiv>
                        <Unicode>waren</Unicode>
                    </TextEquiv>
                </Word>
                <Word id="tr_1_tl_2_w10" custom="readingOrder {index:9;}">
                    <Coords points="1509,408 1509,468 1547,468 1547,408 1509,408 1509,408 1509,408"/>
                    <TextEquiv>
                        <Unicode>om</Unicode>
                    </TextEquiv>
                </Word>
                <Word id="tr_1_tl_2_w11" custom="readingOrder {index:10;}">
                    <Coords points="1590,408 1590,468 1673,468 1673,408 1590,408 1590,408 1590,408"/>
                    <TextEquiv>
                        <Unicode>acht</Unicode>
                    </TextEquiv>
                </Word>
                <Word id="tr_1_tl_2_w12" custom="readingOrder {index:11;}">
                    <Coords points="1693,407 1693,467 1759,467 1759,407 1693,407 1693,407 1693,407"/>
                    <TextEquiv>
                        <Unicode>uur</Unicode>
                    </TextEquiv>
                </Word>
                <Word id="tr_1_tl_2_w13" custom="readingOrder {index:12;}">
                    <Coords points="1782,407 1782,467 1870,467 1870,407 1782,407 1782,407 1782,407"/>
                    <TextEquiv>
                        <Unicode>weer</Unicode>
                    </TextEquiv>
                </Word>
                <Word id="tr_1_tl_2_w14" custom="readingOrder {index:13;}">
                    <Coords points="1890,409 1890,469 2003,469 2003,409 1890,409 1890,409 1890,409"/>
                    <TextEquiv>
                        <Unicode>thuis.</Unicode>
                    </TextEquiv>
                </Word>
                <Word id="tr_1_tl_2_w15" custom="readingOrder {index:14;}">
                    <Coords points="2021,410 2021,470 2051,470 2051,410 2021,410 2021,410 2021,410"/>
                    <TextEquiv>
                        <Unicode>Ik</Unicode>
                    </TextEquiv>
                </Word>
                <Word id="tr_1_tl_2_w16" custom="readingOrder {index:15;}">
                    <Coords points="2079,411 2079,471 2140,471 2140,411 2079,411 2079,411 2079,411"/>
                    <TextEquiv>
                        <Unicode>heb</Unicode>
                    </TextEquiv>
                </Word>
                <TextEquiv>
                    <Unicode>We hebben op een terras buiten gezeten en waren om acht uur weer thuis. Ik heb</Unicode>
                </TextEquiv>
            </TextLine>
            <TextLine id="tr_1_tl_3" custom="readingOrder {index:2;} atm_food {offset:0; length:3;}">
                <Coords points="445,548 1198,533 1175,475 1132,498 1110,475 999,498 445,494"/>
                <Baseline points="456,528 493,525 530,525 568,523 605,524 642,524 680,522 717,522 754,522 792,522 829,522 866,522 904,522 941,522 978,522 1016,524 1053,525 1090,524 1128,522 1165,522 1203,525"/>
                <Word id="tr_1_tl_3_w1" custom="readingOrder {index:0;}">
                    <Coords points="448,486 448,546 512,546 512,486 448,486 448,486 448,486"/>
                    <TextEquiv>
                        <Unicode>pap</Unicode>
                    </TextEquiv>
                </Word>
                <Word id="tr_1_tl_3_w2" custom="readingOrder {index:1;}">
                    <Coords points="544,484 544,544 692,544 692,484 544,484 544,484 544,484"/>
                    <TextEquiv>
                        <Unicode>gegeten</Unicode>
                    </TextEquiv>
                </Word>
                <Word id="tr_1_tl_3_w3" custom="readingOrder {index:2;}">
                    <Coords points="721,482 721,542 759,542 759,482 721,482 721,482 721,482"/>
                    <TextEquiv>
                        <Unicode>en</Unicode>
                    </TextEquiv>
                </Word>
                <Word id="tr_1_tl_3_w4" custom="readingOrder {index:3;}">
                    <Coords points="786,482 786,542 866,542 866,482 786,482 786,482 786,482"/>
                    <TextEquiv>
                        <Unicode>toen</Unicode>
                    </TextEquiv>
                </Word>
                <Word id="tr_1_tl_3_w5" custom="readingOrder {index:4;}">
                    <Coords points="896,482 896,542 974,542 974,482 896,482 896,482 896,482"/>
                    <TextEquiv>
                        <Unicode>vlug</Unicode>
                    </TextEquiv>
                </Word>
                <Word id="tr_1_tl_3_w6" custom="readingOrder {index:5;}">
                    <Coords points="1001,484 1001,544 1086,544 1086,484 1001,484 1001,484 1001,484"/>
                    <TextEquiv>
                        <Unicode>naar</Unicode>
                    </TextEquiv>
                </Word>
                <Word id="tr_1_tl_3_w7" custom="readingOrder {index:6;}">
                    <Coords points="1105,482 1105,542 1193,542 1193,482 1105,482 1105,482 1105,482"/>
                    <TextEquiv>
                        <Unicode>bed.</Unicode>
                    </TextEquiv>
                </Word>
                <TextEquiv>
                    <Unicode>pap gegeten en toen vlug naar bed.</Unicode>
                </TextEquiv>
            </TextLine>
            <TextEquiv>
                <Unicode></Unicode>
            </TextEquiv>
        </TextRegion>
        <TextRegion id="r_1905" custom="readingOrder {index:1;} structure {type:heading;}">
            <Coords points="438,600 438,707 2161,707 2161,600"/>
            <TextLine id="tr_1_tl_4" custom="readingOrder {index:0;} date {offset:0; length:12;}">
                <Coords points="445,687 494,691 513,702 548,683 689,691 689,640 627,642 612,627 603,634 580,610 558,634 533,621 522,631 496,623 475,644 445,649"/>
                <Baseline points="456,671 482,669 509,669 535,670 562,670 588,668 615,668 641,668 668,670 695,674"/>
                <Word id="tr_1_tl_4_w1" custom="readingOrder {index:0;}">
                    <Coords points="447,630 447,690 483,690 483,630 447,630 447,630 447,630 447,630"/>
                    <TextEquiv>
                        <Unicode>19</Unicode>
                    </TextEquiv>
                </Word>
                <Word id="tr_1_tl_4_w2" custom="readingOrder {index:1;}">
                    <Coords points="505,630 505,690 575,690 575,630 505,630 505,630 505,630 505,630"/>
                    <TextEquiv>
                        <Unicode>juli</Unicode>
                    </TextEquiv>
                </Word>
                <Word id="tr_1_tl_4_w3" custom="readingOrder {index:2;}">
                    <Coords points="594,628 594,688 676,688 676,628 594,628 594,628 594,628 594,628"/>
                    <TextEquiv>
                        <Unicode>1943</Unicode>
                    </TextEquiv>
                </Word>
                <TextEquiv>
                    <Unicode>19 juli 1943</Unicode>
                </TextEquiv>
            </TextLine>
            <TextEquiv>
                <Unicode></Unicode>
            </TextEquiv>
        </TextRegion>
        <TextRegion id="r_2785" custom="readingOrder {index:2;} structure {type:paragraph;}">
            <Coords points="438,707 438,1312 2161,1312 2161,707"/>
            <TextLine id="tr_1_tl_5" custom="readingOrder {index:0;}">
                <Coords points="440,754 2145,756 2145,704 1911,687 440,696"/>
                <Baseline points="453,734 537,740 622,740 707,740 792,740 877,740 961,743 1046,742 1131,745 1216,743 1301,743 1385,743 1470,743 1555,743 1640,743 1725,743 1809,743 1894,743 1979,743 2064,743 2149,743"/>
                <Word id="tr_1_tl_5_w1" custom="readingOrder {index:0;}">
                    <Coords points="440,694 440,754 484,754 484,694 440,694 440,694 440,694 440,694 440,694"/>
                    <TextEquiv>
                        <Unicode>Er</Unicode>
                    </TextEquiv>
                </Word>
                <Word id="tr_1_tl_5_w2" custom="readingOrder {index:1;}">
                    <Coords points="506,700 506,760 571,760 571,700 506,700 506,700 506,700 506,700 506,700"/>
                    <TextEquiv>
                        <Unicode>zijn</Unicode>
                    </TextEquiv>
                </Word>
                <Word id="tr_1_tl_5_w3" custom="readingOrder {index:2;}">
                    <Coords points="596,700 596,760 647,760 647,700 596,700 596,700 596,700 596,700 596,700"/>
                    <TextEquiv>
                        <Unicode>tzo</Unicode>
                    </TextEquiv>
                </Word>
                <Word id="tr_1_tl_5_w4" custom="readingOrder {index:3;}">
                    <Coords points="675,700 675,760 903,760 903,700 675,700 675,700 675,700 675,700 675,700"/>
                    <TextEquiv>
                        <Unicode>slachtoffers</Unicode>
                    </TextEquiv>
                </Word>
                <Word id="tr_1_tl_5_w5" custom="readingOrder {index:4;}">
                    <Coords points="925,702 925,762 960,762 960,702 925,702 925,702 925,702 925,702 925,702"/>
                    <TextEquiv>
                        <Unicode>en</Unicode>
                    </TextEquiv>
                </Word>
                <Word id="tr_1_tl_5_w6" custom="readingOrder {index:5;}">
                    <Coords points="985,702 985,762 1020,762 1020,702 985,702 985,702 985,702 985,702 985,702"/>
                    <TextEquiv>
                        <Unicode>er</Unicode>
                    </TextEquiv>
                </Word>
                <Word id="tr_1_tl_5_w7" custom="readingOrder {index:6;}">
                    <Coords points="1037,703 1037,763 1154,763 1154,703 1037,703 1037,703 1037,703 1037,703 1037,703"/>
                    <TextEquiv>
                        <Unicode>liggen</Unicode>
                    </TextEquiv>
                </Word>
                <Word id="tr_1_tl_5_w8" custom="readingOrder {index:7;}">
                    <Coords points="1179,703 1179,763 1260,763 1260,703 1179,703 1179,703 1179,703 1179,703 1179,703"/>
                    <TextEquiv>
                        <Unicode>heel</Unicode>
                    </TextEquiv>
                </Word>
                <Word id="tr_1_tl_5_w9" custom="readingOrder {index:8;}">
                    <Coords points="1277,703 1277,763 1353,763 1353,703 1277,703 1277,703 1277,703 1277,703 1277,703"/>
                    <TextEquiv>
                        <Unicode>veel</Unicode>
                    </TextEquiv>
                </Word>
                <Word id="tr_1_tl_5_w10" custom="readingOrder {index:9;}">
                    <Coords points="1370,703 1370,763 1500,763 1500,703 1370,703 1370,703 1370,703 1370,703 1370,703"/>
                    <TextEquiv>
                        <Unicode>huizen</Unicode>
                    </TextEquiv>
                </Word>
                <Word id="tr_1_tl_5_w11" custom="readingOrder {index:10;}">
                    <Coords points="1525,703 1525,763 1552,763 1552,703 1525,703 1525,703 1525,703 1525,703 1525,703"/>
                    <TextEquiv>
                        <Unicode>in</Unicode>
                    </TextEquiv>
                </Word>
                <Word id="tr_1_tl_5_w12" custom="readingOrder {index:11;}">
                    <Coords points="1579,703 1579,763 1688,763 1688,703 1579,703 1579,703 1579,703 1579,703 1579,703"/>
                    <TextEquiv>
                        <Unicode>puin.</Unicode>
                    </TextEquiv>
                </Word>
                <Word id="tr_1_tl_5_w13" custom="readingOrder {index:12;}">
                    <Coords points="1707,703 1707,763 1860,763 1860,703 1707,703 1707,703 1707,703 1707,703 1707,703"/>
                    <TextEquiv>
                        <Unicode>Mensen</Unicode>
                    </TextEquiv>
                </Word>
                <Word id="tr_1_tl_5_w14" custom="readingOrder {index:13;}">
                    <Coords points="1890,703 1890,763 1941,763 1941,703 1890,703 1890,703 1890,703 1890,703 1890,703"/>
                    <TextEquiv>
                        <Unicode>die</Unicode>
                    </TextEquiv>
                </Word>
                <Word id="tr_1_tl_5_w15" custom="readingOrder {index:14;}">
                    <Coords points="1966,703 1966,763 2001,763 2001,703 1966,703 1966,703 1966,703 1966,703 1966,703"/>
                    <TextEquiv>
                        <Unicode>op</Unicode>
                    </TextEquiv>
                </Word>
                <Word id="tr_1_tl_5_w16" custom="readingOrder {index:15;}">
                    <Coords points="2029,703 2029,763 2127,763 2127,703 2029,703 2029,703 2029,703 2029,703 2029,703"/>
                    <TextEquiv>
                        <Unicode>sensa</Unicode>
                    </TextEquiv>
                </Word>
                <TextEquiv>
                    <Unicode>Er zijn 150 slachtoffers en er liggen heel veel huizen in puin. Mensen die op sensa-</Unicode>
                </TextEquiv>
            </TextLine>
            <TextLine id="tr_1_tl_6" custom="readingOrder {index:1;} place {offset:68; length:6;}">
                <Coords points="445,822 2152,829 2152,780 1815,762 445,780"/>
                <Baseline points="456,812 541,812 626,812 711,812 796,812 881,812 966,812 1051,812 1136,812 1221,812 1307,815 1392,812 1477,812 1562,812 1647,812 1732,814 1817,814 1902,813 1987,812 2072,812 2158,815"/>
                <Word id="tr_1_tl_6_w1" custom="readingOrder {index:0;}">
                    <Coords points="445,772 445,832 491,832 491,772 445,772 445,772 445,772 445,772 445,772"/>
                    <TextEquiv>
                        <Unicode>tie</Unicode>
                    </TextEquiv>
                </Word>
                <Word id="tr_1_tl_6_w2" custom="readingOrder {index:1;}">
                    <Coords points="513,772 513,832 632,832 632,772 513,772 513,772 513,772 513,772 513,772"/>
                    <TextEquiv>
                        <Unicode>belust</Unicode>
                    </TextEquiv>
                </Word>
                <Word id="tr_1_tl_6_w3" custom="readingOrder {index:2;}">
                    <Coords points="652,772 652,832 738,832 738,772 652,772 652,772 652,772 652,772 652,772"/>
                    <TextEquiv>
                        <Unicode>zijn,</Unicode>
                    </TextEquiv>
                </Word>
                <Word id="tr_1_tl_6_w4" custom="readingOrder {index:3;}">
                    <Coords points="758,772 758,832 847,832 847,772 758,772 758,772 758,772 758,772 758,772"/>
                    <TextEquiv>
                        <Unicode>doen</Unicode>
                    </TextEquiv>
                </Word>
                <Word id="tr_1_tl_6_w5" custom="readingOrder {index:4;}">
                    <Coords points="877,772 877,832 912,832 912,772 877,772 877,772 877,772 877,772 877,772"/>
                    <TextEquiv>
                        <Unicode>de</Unicode>
                    </TextEquiv>
                </Word>
                <Word id="tr_1_tl_6_w6" custom="readingOrder {index:5;}">
                    <Coords points="937,772 937,832 1156,832 1156,772 937,772 937,772 937,772 937,772 937,772"/>
                    <TextEquiv>
                        <Unicode>griezeligste</Unicode>
                    </TextEquiv>
                </Word>
                <Word id="tr_1_tl_6_w7" custom="readingOrder {index:6;}">
                    <Coords points="1178,773 1178,833 1365,833 1365,773 1178,773 1178,773 1178,773 1178,773 1178,773"/>
                    <TextEquiv>
                        <Unicode>verhalen.</Unicode>
                    </TextEquiv>
                </Word>
                <Word id="tr_1_tl_6_w8" custom="readingOrder {index:7;}">
                    <Coords points="1385,772 1385,832 1460,832 1460,772 1385,772 1385,772 1385,772 1385,772 1385,772"/>
                    <TextEquiv>
                        <Unicode>Het</Unicode>
                    </TextEquiv>
                </Word>
                <Word id="tr_1_tl_6_w9" custom="readingOrder {index:8;}">
                    <Coords points="1480,772 1480,832 1504,832 1504,772 1480,772 1480,772 1480,772 1480,772 1480,772"/>
                    <TextEquiv>
                        <Unicode>is</Unicode>
                    </TextEquiv>
                </Word>
                <Word id="tr_1_tl_6_w10" custom="readingOrder {index:9;}">
                    <Coords points="1523,772 1523,832 1580,832 1580,772 1523,772 1523,772 1523,772 1523,772 1523,772"/>
                    <TextEquiv>
                        <Unicode>een</Unicode>
                    </TextEquiv>
                </Word>
                <Word id="tr_1_tl_6_w11" custom="readingOrder {index:10;}">
                    <Coords points="1607,772 1607,832 1767,832 1767,772 1607,772 1607,772 1607,772 1607,772 1607,772"/>
                    <TextEquiv>
                        <Unicode>ellende.</Unicode>
                    </TextEquiv>
                </Word>
                <Word id="tr_1_tl_6_w12" custom="readingOrder {index:11;}">
                    <Coords points="1784,773 1784,833 1922,833 1922,773 1784,773 1784,773 1784,773 1784,773 1784,773"/>
                    <TextEquiv>
                        <Unicode>Napels</Unicode>
                    </TextEquiv>
                </Word>
                <Word id="tr_1_tl_6_w13" custom="readingOrder {index:12;}">
                    <Coords points="1941,772 1941,832 1965,832 1965,772 1941,772 1941,772 1941,772 1941,772 1941,772"/>
                    <TextEquiv>
                        <Unicode>is</Unicode>
                    </TextEquiv>
                </Word>
                <Word id="tr_1_tl_6_w14" custom="readingOrder {index:13;}">
                    <Coords points="1985,772 1985,832 2060,832 2060,772 1985,772 1985,772 1985,772 1985,772 1985,772"/>
                    <TextEquiv>
                        <Unicode>met</Unicode>
                    </TextEquiv>
                </Word>
                <Word id="tr_1_tl_6_w15" custom="readingOrder {index:14;}">
                    <Coords points="2080,773 2080,833 2139,833 2139,773 2080,773 2080,773 2080,773 2080,773 2080,773"/>
                    <TextEquiv>
                        <Unicode>zoo</Unicode>
                    </TextEquiv>
                </Word>
                <TextEquiv>
                    <Unicode>tie belust zijn, doen de griezeligste verhalen. Het is een ellende. Napels is met 500</Unicode>
                </TextEquiv>
            </TextLine>
            <TextLine id="tr_1_tl_7" custom="readingOrder {index:2;} place {offset:33; length:4;} place {offset:56; length:7;}">
                <Coords points="445,893 2152,900 2111,842 445,855"/>
                <Baseline points="456,880 541,883 626,885 711,884 796,883 881,885 966,884 1051,886 1136,885 1221,883 1307,883 1392,886 1477,883 1562,883 1647,886 1732,885 1817,884 1902,886 1987,886 2072,886 2158,886"/>
                <Word id="tr_1_tl_7_w1" custom="readingOrder {index:0;}">
                    <Coords points="446,843 446,903 670,903 670,843 446,843 446,843 446,843 446,843 446,843"/>
                    <TextEquiv>
                        <Unicode>vliegtuigen</Unicode>
                    </TextEquiv>
                </Word>
                <Word id="tr_1_tl_7_w2" custom="readingOrder {index:1;}">
                    <Coords points="701,844 701,904 1023,904 1023,844 701,844 701,844 701,844 701,844 701,844"/>
                    <TextEquiv>
                        <Unicode>gebombardeerd</Unicode>
                    </TextEquiv>
                </Word>
                <Word id="tr_1_tl_7_w3" custom="readingOrder {index:2;}">
                    <Coords points="1051,845 1051,905 1087,905 1087,845 1051,845 1051,845 1051,845 1051,845 1051,845"/>
                    <TextEquiv>
                        <Unicode>en</Unicode>
                    </TextEquiv>
                </Word>
                <Word id="tr_1_tl_7_w4" custom="readingOrder {index:3;}">
                    <Coords points="1120,844 1120,904 1184,904 1184,844 1120,844 1120,844 1120,844 1120,844 1120,844"/>
                    <TextEquiv>
                        <Unicode>ook</Unicode>
                    </TextEquiv>
                </Word>
                <Word id="tr_1_tl_7_w5" custom="readingOrder {index:4;}">
                    <Coords points="1217,843 1217,903 1336,903 1336,843 1217,843 1217,843 1217,843 1217,843 1217,843"/>
                    <TextEquiv>
                        <Unicode>Rome</Unicode>
                    </TextEquiv>
                </Word>
                <Word id="tr_1_tl_7_w6" custom="readingOrder {index:5;}">
                    <Coords points="1364,845 1364,905 1389,905 1389,845 1364,845 1364,845 1364,845 1364,845 1364,845"/>
                    <TextEquiv>
                        <Unicode>is</Unicode>
                    </TextEquiv>
                </Word>
                <Word id="tr_1_tl_7_w7" custom="readingOrder {index:6;}">
                    <Coords points="1414,843 1414,903 1753,903 1753,843 1414,843 1414,843 1414,843 1414,843 1414,843"/>
                    <TextEquiv>
                        <Unicode>gebombardeerd.</Unicode>
                    </TextEquiv>
                </Word>
                <Word id="tr_1_tl_7_w8" custom="readingOrder {index:7;}">
                    <Coords points="1778,844 1778,904 1894,904 1894,844 1778,844 1778,844 1778,844 1778,844 1778,844"/>
                    <TextEquiv>
                        <Unicode>Sicilié</Unicode>
                    </TextEquiv>
                </Word>
                <Word id="tr_1_tl_7_w9" custom="readingOrder {index:8;}">
                    <Coords points="1922,846 1922,906 1947,906 1947,846 1922,846 1922,846 1922,846 1922,846 1922,846"/>
                    <TextEquiv>
                        <Unicode>is</Unicode>
                    </TextEquiv>
                </Word>
                <Word id="tr_1_tl_7_w10" custom="readingOrder {index:9;}">
                    <Coords points="1972,846 1972,906 2041,906 2041,846 1972,846 1972,846 1972,846 1972,846 1972,846"/>
                    <TextEquiv>
                        <Unicode>nog</Unicode>
                    </TextEquiv>
                </Word>
                <Word id="tr_1_tl_7_w11" custom="readingOrder {index:10;}">
                    <Coords points="2072,846 2072,906 2147,906 2147,846 2072,846 2072,846 2072,846 2072,846 2072,846"/>
                    <TextEquiv>
                        <Unicode>niet</Unicode>
                    </TextEquiv>
                </Word>
                <TextEquiv>
                    <Unicode>vliegtuigen gebombardeerd en ook Rome is gebombardeerd. Sicilië is nog niet</Unicode>
                </TextEquiv>
            </TextLine>
            <TextLine id="tr_1_tl_8" custom="readingOrder {index:3;}">
                <Coords points="445,981 2152,973 2152,911 445,930"/>
                <Baseline points="456,955 541,955 626,958 711,958 796,956 881,957 966,958 1051,958 1136,958 1221,958 1307,958 1392,958 1477,958 1562,955 1647,958 1732,958 1817,958 1902,958 1987,956 2072,958 2158,955"/>
                <Word id="tr_1_tl_8_w1" custom="readingOrder {index:0;}">
                    <Coords points="448,915 448,975 629,975 629,915 448,915 448,915 448,915 448,915 448,915"/>
                    <TextEquiv>
                        <Unicode>gevallen,</Unicode>
                    </TextEquiv>
                </Word>
                <Word id="tr_1_tl_8_w2" custom="readingOrder {index:1;}">
                    <Coords points="649,918 649,978 749,978 749,918 649,918 649,918 649,918 649,918 649,918"/>
                    <TextEquiv>
                        <Unicode>maar</Unicode>
                    </TextEquiv>
                </Word>
                <Word id="tr_1_tl_8_w3" custom="readingOrder {index:2;}">
                    <Coords points="771,916 771,976 833,976 833,916 771,916 771,916 771,916 771,916 771,916"/>
                    <TextEquiv>
                        <Unicode>het</Unicode>
                    </TextEquiv>
                </Word>
                <Word id="tr_1_tl_8_w4" custom="readingOrder {index:3;}">
                    <Coords points="852,917 852,977 971,977 971,917 852,917 852,917 852,917 852,917 852,917"/>
                    <TextEquiv>
                        <Unicode>wordt</Unicode>
                    </TextEquiv>
                </Word>
                <Word id="tr_1_tl_8_w5" custom="readingOrder {index:4;}">
                    <Coords points="993,918 993,978 1141,978 1141,918 993,918 993,918 993,918 993,918 993,918"/>
                    <TextEquiv>
                        <Unicode>spoedig</Unicode>
                    </TextEquiv>
                </Word>
                <Word id="tr_1_tl_8_w6" custom="readingOrder {index:5;}">
                    <Coords points="1169,918 1169,978 1367,978 1367,918 1169,918 1169,918 1169,918 1169,918 1169,918"/>
                    <TextEquiv>
                        <Unicode>verwacht.</Unicode>
                    </TextEquiv>
                </Word>
                <Word id="tr_1_tl_8_w7" custom="readingOrder {index:6;}">
                    <Coords points="1389,918 1389,978 1418,978 1418,918 1389,918 1389,918 1389,918 1389,918 1389,918"/>
                    <TextEquiv>
                        <Unicode>Ik</Unicode>
                    </TextEquiv>
                </Word>
                <Word id="tr_1_tl_8_w8" custom="readingOrder {index:7;}">
                    <Coords points="1448,917 1448,977 1510,977 1510,917 1448,917 1448,917 1448,917 1448,917 1448,917"/>
                    <TextEquiv>
                        <Unicode>heb</Unicode>
                    </TextEquiv>
                </Word>
                <Word id="tr_1_tl_8_w9" custom="readingOrder {index:8;}">
                    <Coords points="1541,915 1541,975 1570,975 1570,915 1541,915 1541,915 1541,915 1541,915 1541,915"/>
                    <TextEquiv>
                        <Unicode>in</Unicode>
                    </TextEquiv>
                </Word>
                <Word id="tr_1_tl_8_w10" custom="readingOrder {index:9;}">
                    <Coords points="1597,917 1597,977 1684,977 1684,917 1597,917 1597,917 1597,917 1597,917 1597,917"/>
                    <TextEquiv>
                        <Unicode>mijn</Unicode>
                    </TextEquiv>
                </Word>
                <Word id="tr_1_tl_8_w11" custom="readingOrder {index:10;}">
                    <Coords points="1714,918 1714,978 1855,978 1855,918 1714,918 1714,918 1714,918 1714,918 1714,918"/>
                    <TextEquiv>
                        <Unicode>stoeltje</Unicode>
                    </TextEquiv>
                </Word>
                <Word id="tr_1_tl_8_w12" custom="readingOrder {index:11;}">
                    <Coords points="1879,916 1879,976 2023,976 2023,916 1879,916 1879,916 1879,916 1879,916 1879,916"/>
                    <TextEquiv>
                        <Unicode>gezeten</Unicode>
                    </TextEquiv>
                </Word>
                <Word id="tr_1_tl_8_w13" custom="readingOrder {index:12;}">
                    <Coords points="2050,917 2050,977 2085,977 2085,917 2050,917 2050,917 2050,917 2050,917 2050,917"/>
                    <TextEquiv>
                        <Unicode>en</Unicode>
                    </TextEquiv>
                </Word>
                <Word id="tr_1_tl_8_w14" custom="readingOrder {index:13;}">
                    <Coords points="2115,916 2115,976 2142,976 2142,916 2115,916 2115,916 2115,916 2115,916 2115,916"/>
                    <TextEquiv>
                        <Unicode>ik</Unicode>
                    </TextEquiv>
                </Word>
                <TextEquiv>
                    <Unicode>gevallen, maar het wordt spoedig verwacht. Ik heb in mijn stoeltje gezeten en ik</Unicode>
                </TextEquiv>
            </TextLine>
            <TextLine id="tr_1_tl_9" custom="readingOrder {index:4;} person {offset:33; length:3;} atm_food {offset:65; length:4;}">
                <Coords points="440,1042 2150,1044 2150,994 2055,984 440,986"/>
                <Baseline points="453,1030 538,1027 623,1029 708,1030 793,1030 878,1030 963,1031 1048,1031 1133,1030 1218,1030 1304,1032 1389,1030 1474,1030 1559,1030 1644,1029 1729,1028 1814,1030 1899,1030 1984,1027 2069,1030 2155,1032"/>
                <Word id="tr_1_tl_9_w1" custom="readingOrder {index:0;}">
                    <Coords points="441,989 441,1049 507,1049 507,989 441,989 441,989 441,989 441,989 441,989"/>
                    <TextEquiv>
                        <Unicode>heb</Unicode>
                    </TextEquiv>
                </Word>
                <Word id="tr_1_tl_9_w2" custom="readingOrder {index:1;}">
                    <Coords points="538,987 538,1047 602,1047 602,987 538,987 538,987 538,987 538,987 538,987"/>
                    <TextEquiv>
                        <Unicode>ook</Unicode>
                    </TextEquiv>
                </Word>
                <Word id="tr_1_tl_9_w3" custom="readingOrder {index:2;}">
                    <Coords points="630,989 630,1049 713,1049 713,989 630,989 630,989 630,989 630,989 630,989"/>
                    <TextEquiv>
                        <Unicode>heel</Unicode>
                    </TextEquiv>
                </Word>
                <Word id="tr_1_tl_9_w4" custom="readingOrder {index:3;}">
                    <Coords points="730,990 730,1050 780,1050 780,990 730,990 730,990 730,990 730,990 730,990"/>
                    <TextEquiv>
                        <Unicode>erg</Unicode>
                    </TextEquiv>
                </Word>
                <Word id="tr_1_tl_9_w5" custom="readingOrder {index:4;}">
                    <Coords points="808,990 808,1050 975,1050 975,990 808,990 808,990 808,990 808,990 808,990"/>
                    <TextEquiv>
                        <Unicode>gehuild,</Unicode>
                    </TextEquiv>
                </Word>
                <Word id="tr_1_tl_9_w6" custom="readingOrder {index:5;}">
                    <Coords points="995,991 995,1051 1050,1051 1050,991 995,991 995,991 995,991 995,991 995,991"/>
                    <TextEquiv>
                        <Unicode>tot</Unicode>
                    </TextEquiv>
                </Word>
                <Word id="tr_1_tl_9_w7" custom="readingOrder {index:6;}">
                    <Coords points="1059,990 1059,1050 1117,1050 1117,990 1059,990 1059,990 1059,990 1059,990 1059,990"/>
                    <TextEquiv>
                        <Unicode>dat</Unicode>
                    </TextEquiv>
                </Word>
                <Word id="tr_1_tl_9_w8" custom="readingOrder {index:7;}">
                    <Coords points="1137,990 1137,1050 1212,1050 1212,990 1137,990 1137,990 1137,990 1137,990 1137,990"/>
                    <TextEquiv>
                        <Unicode>Cor</Unicode>
                    </TextEquiv>
                </Word>
                <Word id="tr_1_tl_9_w9" custom="readingOrder {index:8;}">
                    <Coords points="1237,990 1237,1050 1270,1050 1270,990 1237,990 1237,990 1237,990 1237,990 1237,990"/>
                    <TextEquiv>
                        <Unicode>op</Unicode>
                    </TextEquiv>
                </Word>
                <Word id="tr_1_tl_9_w10" custom="readingOrder {index:9;}">
                    <Coords points="1304,991 1304,1051 1340,1051 1340,991 1304,991 1304,991 1304,991 1304,991 1304,991"/>
                    <TextEquiv>
                        <Unicode>de</Unicode>
                    </TextEquiv>
                </Word>
                <Word id="tr_1_tl_9_w11" custom="readingOrder {index:10;}">
                    <Coords points="1365,990 1365,1050 1540,1050 1540,990 1365,990 1365,990 1365,990 1365,990 1365,990"/>
                    <TextEquiv>
                        <Unicode>gedachte</Unicode>
                    </TextEquiv>
                </Word>
                <Word id="tr_1_tl_9_w12" custom="readingOrder {index:11;}">
                    <Coords points="1566,989 1566,1049 1660,1049 1660,989 1566,989 1566,989 1566,989 1566,989 1566,989"/>
                    <TextEquiv>
                        <Unicode>kwam</Unicode>
                    </TextEquiv>
                </Word>
                <Word id="tr_1_tl_9_w13" custom="readingOrder {index:12;}">
                    <Coords points="1708,988 1708,1048 1772,1048 1772,988 1708,988 1708,988 1708,988 1708,988 1708,988"/>
                    <TextEquiv>
                        <Unicode>mij</Unicode>
                    </TextEquiv>
                </Word>
                <Word id="tr_1_tl_9_w14" custom="readingOrder {index:13;}">
                    <Coords points="1794,990 1794,1050 1864,1050 1864,990 1794,990 1794,990 1794,990 1794,990 1794,990"/>
                    <TextEquiv>
                        <Unicode>wat</Unicode>
                    </TextEquiv>
                </Word>
                <Word id="tr_1_tl_9_w15" custom="readingOrder {index:14;}">
                    <Coords points="1884,988 1884,1048 1972,1048 1972,988 1884,988 1884,988 1884,988 1884,988 1884,988"/>
                    <TextEquiv>
                        <Unicode>melk</Unicode>
                    </TextEquiv>
                </Word>
                <Word id="tr_1_tl_9_w16" custom="readingOrder {index:15;}">
                    <Coords points="2003,988 2003,1048 2031,1048 2031,988 2003,988 2003,988 2003,988 2003,988 2003,988"/>
                    <TextEquiv>
                        <Unicode>te</Unicode>
                    </TextEquiv>
                </Word>
                <Word id="tr_1_tl_9_w17" custom="readingOrder {index:16;}">
                    <Coords points="2053,990 2053,1050 2142,1050 2142,990 2053,990 2053,990 2053,990 2053,990 2053,990"/>
                    <TextEquiv>
                        <Unicode>laten</Unicode>
                    </TextEquiv>
                </Word>
                <TextEquiv>
                    <Unicode>heb ook heel erg gehuild, totdat Cor op de gedachte kwam mij wat melk te laten</Unicode>
                </TextEquiv>
            </TextLine>
            <TextLine id="tr_1_tl_10" custom="readingOrder {index:5;} person {offset:9; length:14;} person {offset:24; length:15;}">
                <Coords points="445,1110 2143,1117 2143,1074 1748,1054 445,1072"/>
                <Baseline points="456,1104 540,1101 625,1104 709,1101 794,1101 879,1101 963,1101 1048,1101 1133,1101 1217,1101 1302,1101 1387,1101 1471,1101 1556,1101 1641,1100 1725,1099 1810,1098 1895,1098 1979,1101 2064,1101 2149,1098"/>
                <Word id="tr_1_tl_10_w1" custom="readingOrder {index:0;}">
                    <Coords points="450,1061 450,1121 625,1121 625,1061 450,1061 450,1061 450,1061 450,1061 450,1061"/>
                    <TextEquiv>
                        <Unicode>drinken.</Unicode>
                    </TextEquiv>
                </Word>
                <Word id="tr_1_tl_10_w2" custom="readingOrder {index:1;}">
                    <Coords points="649,1061 649,1121 785,1121 785,1061 649,1061 649,1061 649,1061 649,1061 649,1061"/>
                    <TextEquiv>
                        <Unicode>Lientje</Unicode>
                    </TextEquiv>
                </Word>
                <Word id="tr_1_tl_10_w3" custom="readingOrder {index:2;}">
                    <Coords points="814,1061 814,1121 930,1121 930,1061 814,1061 814,1061 814,1061 814,1061 814,1061"/>
                    <TextEquiv>
                        <Unicode>lissen</Unicode>
                    </TextEquiv>
                </Word>
                <Word id="tr_1_tl_10_w4" custom="readingOrder {index:3;}">
                    <Coords points="959,1061 959,1121 997,1121 997,1061 959,1061 959,1061 959,1061 959,1061 959,1061"/>
                    <TextEquiv>
                        <Unicode>en</Unicode>
                    </TextEquiv>
                </Word>
                <Word id="tr_1_tl_10_w5" custom="readingOrder {index:4;}">
                    <Coords points="1026,1061 1026,1121 1111,1121 1111,1061 1026,1061 1026,1061 1026,1061 1026,1061 1026,1061"/>
                    <TextEquiv>
                        <Unicode>haar</Unicode>
                    </TextEquiv>
                </Word>
                <Word id="tr_1_tl_10_w6" custom="readingOrder {index:5;}">
                    <Coords points="1134,1061 1134,1121 1289,1121 1289,1061 1134,1061 1134,1061 1134,1061 1134,1061 1134,1061"/>
                    <TextEquiv>
                        <Unicode>moeder</Unicode>
                    </TextEquiv>
                </Word>
                <Word id="tr_1_tl_10_w7" custom="readingOrder {index:6;}">
                    <Coords points="1310,1061 1310,1121 1374,1121 1374,1061 1310,1061 1310,1061 1310,1061 1310,1061 1310,1061"/>
                    <TextEquiv>
                        <Unicode>zijn</Unicode>
                    </TextEquiv>
                </Word>
                <Word id="tr_1_tl_10_w8" custom="readingOrder {index:7;}">
                    <Coords points="1406,1061 1406,1121 1563,1121 1563,1061 1406,1061 1406,1061 1406,1061 1406,1061 1406,1061"/>
                    <TextEquiv>
                        <Unicode>vandaag</Unicode>
                    </TextEquiv>
                </Word>
                <Word id="tr_1_tl_10_w9" custom="readingOrder {index:8;}">
                    <Coords points="1594,1059 1594,1119 1762,1119 1762,1059 1594,1059 1594,1059 1594,1059 1594,1059 1594,1059"/>
                    <TextEquiv>
                        <Unicode>gehaald,</Unicode>
                    </TextEquiv>
                </Word>
                <Word id="tr_1_tl_10_w10" custom="readingOrder {index:9;}">
                    <Coords points="1785,1058 1785,1118 1819,1118 1819,1058 1785,1058 1785,1058 1785,1058 1785,1058 1785,1058"/>
                    <TextEquiv>
                        <Unicode>er</Unicode>
                    </TextEquiv>
                </Word>
                <Word id="tr_1_tl_10_w11" custom="readingOrder {index:10;}">
                    <Coords points="1842,1058 1842,1118 1909,1118 1909,1058 1842,1058 1842,1058 1842,1058 1842,1058 1842,1058"/>
                    <TextEquiv>
                        <Unicode>was</Unicode>
                    </TextEquiv>
                </Word>
                <Word id="tr_1_tl_10_w12" custom="readingOrder {index:11;}">
                    <Coords points="1933,1061 1933,1121 2025,1121 2025,1061 1933,1061 1933,1061 1933,1061 1933,1061 1933,1061"/>
                    <TextEquiv>
                        <Unicode>niets</Unicode>
                    </TextEquiv>
                </Word>
                <Word id="tr_1_tl_10_w13" custom="readingOrder {index:12;}">
                    <Coords points="2051,1059 2051,1119 2144,1119 2144,1059 2051,1059 2051,1059 2051,1059 2051,1059 2051,1059"/>
                    <TextEquiv>
                        <Unicode>meer</Unicode>
                    </TextEquiv>
                </Word>
                <TextEquiv>
                    <Unicode>drinken. Lientje Lissen en haar moeder zijn vandaag gehaald, er was niets meer</Unicode>
                </TextEquiv>
            </TextLine>
            <TextLine id="tr_1_tl_11" custom="readingOrder {index:6;}">
                <Coords points="438,1185 2143,1185 2143,1142 2023,1130 438,1151"/>
                <Baseline points="450,1176 539,1176 628,1173 718,1176 807,1173 897,1173 986,1173 1075,1176 1165,1173 1254,1173 1344,1173 1433,1173 1523,1173 1612,1173 1701,1173 1791,1173 1880,1173 1970,1176 2059,1176 2149,1173"/>
                <Word id="tr_1_tl_11_w1" custom="readingOrder {index:0;}">
                    <Coords points="438,1136 438,1196 502,1196 502,1136 438,1136 438,1136 438,1136 438,1136 438,1136"/>
                    <TextEquiv>
                        <Unicode>aan</Unicode>
                    </TextEquiv>
                </Word>
                <Word id="tr_1_tl_11_w2" custom="readingOrder {index:1;}">
                    <Coords points="534,1135 534,1195 562,1195 562,1135 534,1135 534,1135 534,1135 534,1135 534,1135"/>
                    <TextEquiv>
                        <Unicode>te</Unicode>
                    </TextEquiv>
                </Word>
                <Word id="tr_1_tl_11_w3" custom="readingOrder {index:2;}">
                    <Coords points="591,1133 591,1193 702,1193 702,1133 591,1133 591,1133 591,1133 591,1133 591,1133"/>
                    <TextEquiv>
                        <Unicode>doen.</Unicode>
                    </TextEquiv>
                </Word>
                <Word id="tr_1_tl_11_w4" custom="readingOrder {index:3;}">
                    <Coords points="731,1134 731,1194 786,1194 786,1134 731,1134 731,1134 731,1134 731,1134 731,1134"/>
                    <TextEquiv>
                        <Unicode>We</Unicode>
                    </TextEquiv>
                </Word>
                <Word id="tr_1_tl_11_w5" custom="readingOrder {index:4;}">
                    <Coords points="812,1133 812,1193 926,1193 926,1133 812,1133 812,1133 812,1133 812,1133 812,1133"/>
                    <TextEquiv>
                        <Unicode>zullen</Unicode>
                    </TextEquiv>
                </Word>
                <Word id="tr_1_tl_11_w6" custom="readingOrder {index:5;}">
                    <Coords points="955,1134 955,1194 1134,1194 1134,1134 955,1134 955,1134 955,1134 955,1134 955,1134"/>
                    <TextEquiv>
                        <Unicode>proberen</Unicode>
                    </TextEquiv>
                </Word>
                <Word id="tr_1_tl_11_w7" custom="readingOrder {index:6;}">
                    <Coords points="1165,1133 1165,1193 1199,1193 1199,1133 1165,1133 1165,1133 1165,1133 1165,1133 1165,1133"/>
                    <TextEquiv>
                        <Unicode>of</Unicode>
                    </TextEquiv>
                </Word>
                <Word id="tr_1_tl_11_w8" custom="readingOrder {index:7;}">
                    <Coords points="1222,1133 1222,1193 1269,1193 1269,1133 1222,1133 1222,1133 1222,1133 1222,1133 1222,1133"/>
                    <TextEquiv>
                        <Unicode>we</Unicode>
                    </TextEquiv>
                </Word>
                <Word id="tr_1_tl_11_w9" custom="readingOrder {index:8;}">
                    <Coords points="1295,1133 1295,1193 1329,1193 1329,1133 1295,1133 1295,1133 1295,1133 1295,1133 1295,1133"/>
                    <TextEquiv>
                        <Unicode>ze</Unicode>
                    </TextEquiv>
                </Word>
                <Word id="tr_1_tl_11_w10" custom="readingOrder {index:9;}">
                    <Coords points="1355,1133 1355,1193 1422,1193 1422,1133 1355,1133 1355,1133 1355,1133 1355,1133 1355,1133"/>
                    <TextEquiv>
                        <Unicode>nog</Unicode>
                    </TextEquiv>
                </Word>
                <Word id="tr_1_tl_11_w11" custom="readingOrder {index:10;}">
                    <Coords points="1453,1133 1453,1193 1518,1193 1518,1133 1453,1133 1453,1133 1453,1133 1453,1133 1453,1133"/>
                    <TextEquiv>
                        <Unicode>vrij</Unicode>
                    </TextEquiv>
                </Word>
                <Word id="tr_1_tl_11_w12" custom="readingOrder {index:11;}">
                    <Coords points="1539,1133 1539,1193 1690,1193 1690,1133 1539,1133 1539,1133 1539,1133 1539,1133 1539,1133"/>
                    <TextEquiv>
                        <Unicode>kunnen</Unicode>
                    </TextEquiv>
                </Word>
                <Word id="tr_1_tl_11_w13" custom="readingOrder {index:12;}">
                    <Coords points="1718,1133 1718,1193 1872,1193 1872,1133 1718,1133 1718,1133 1718,1133 1718,1133 1718,1133"/>
                    <TextEquiv>
                        <Unicode>maken,</Unicode>
                    </TextEquiv>
                </Word>
                <Word id="tr_1_tl_11_w14" custom="readingOrder {index:13;}">
                    <Coords points="1893,1135 1893,1195 1994,1195 1994,1135 1893,1135 1893,1135 1893,1135 1893,1135 1893,1135"/>
                    <TextEquiv>
                        <Unicode>maar</Unicode>
                    </TextEquiv>
                </Word>
                <Word id="tr_1_tl_11_w15" custom="readingOrder {index:14;}">
                    <Coords points="2017,1136 2017,1196 2079,1196 2079,1136 2017,1136 2017,1136 2017,1136 2017,1136 2017,1136"/>
                    <TextEquiv>
                        <Unicode>het</Unicode>
                    </TextEquiv>
                </Word>
                <Word id="tr_1_tl_11_w16" custom="readingOrder {index:15;}">
                    <Coords points="2100,1133 2100,1193 2144,1193 2144,1133 2100,1133 2100,1133 2100,1133 2100,1133 2100,1133"/>
                    <TextEquiv>
                        <Unicode>zal</Unicode>
                    </TextEquiv>
                </Word>
                <TextEquiv>
                    <Unicode>aan te doen. We zullen proberen of we ze nog vrij kunnen maken, maar het zal</Unicode>
                </TextEquiv>
            </TextLine>
            <TextLine id="tr_1_tl_12" custom="readingOrder {index:7;}">
                <Coords points="440,1256 1385,1258 1385,1224 1293,1198 440,1220"/>
                <Baseline points="453,1247 499,1241 546,1247 593,1247 640,1247 687,1247 734,1247 781,1248 828,1250 875,1249 922,1248 968,1249 1015,1247 1062,1245 1109,1246 1156,1247 1203,1247 1250,1247 1297,1247 1344,1250 1391,1250"/>
                <Word id="tr_1_tl_12_w1" custom="readingOrder {index:0;}">
                    <Coords points="442,1204 442,1264 506,1264 506,1204 442,1204 442,1204 442,1204 442,1204 442,1204"/>
                    <TextEquiv>
                        <Unicode>een</Unicode>
                    </TextEquiv>
                </Word>
                <Word id="tr_1_tl_12_w2" custom="readingOrder {index:1;}">
                    <Coords points="534,1207 534,1267 610,1267 610,1207 534,1207 534,1207 534,1207 534,1207 534,1207"/>
                    <TextEquiv>
                        <Unicode>zeer</Unicode>
                    </TextEquiv>
                </Word>
                <Word id="tr_1_tl_12_w3" custom="readingOrder {index:2;}">
                    <Coords points="631,1207 631,1267 741,1267 741,1207 631,1207 631,1207 631,1207 631,1207 631,1207"/>
                    <TextEquiv>
                        <Unicode>zware</Unicode>
                    </TextEquiv>
                </Word>
                <Word id="tr_1_tl_12_w4" custom="readingOrder {index:3;}">
                    <Coords points="764,1208 764,1268 840,1268 840,1208 764,1208 764,1208 764,1208 764,1208 764,1208"/>
                    <TextEquiv>
                        <Unicode>saak</Unicode>
                    </TextEquiv>
                </Word>
                <Word id="tr_1_tl_12_w5" custom="readingOrder {index:4;}">
                    <Coords points="868,1208 868,1268 932,1268 932,1208 868,1208 868,1208 868,1208 868,1208 868,1208"/>
                    <TextEquiv>
                        <Unicode>zijn</Unicode>
                    </TextEquiv>
                </Word>
                <Word id="tr_1_tl_12_w6" custom="readingOrder {index:5;}">
                    <Coords points="960,1208 960,1268 998,1268 998,1208 960,1208 960,1208 960,1208 960,1208 960,1208"/>
                    <TextEquiv>
                        <Unicode>en</Unicode>
                    </TextEquiv>
                </Word>
                <Word id="tr_1_tl_12_w7" custom="readingOrder {index:6;}">
                    <Coords points="1027,1205 1027,1265 1164,1265 1164,1205 1027,1205 1027,1205 1027,1205 1027,1205 1027,1205"/>
                    <TextEquiv>
                        <Unicode>vrijwel</Unicode>
                    </TextEquiv>
                </Word>
                <Word id="tr_1_tl_12_w8" custom="readingOrder {index:7;}">
                    <Coords points="1182,1207 1182,1267 1381,1267 1381,1207 1182,1207 1182,1207 1182,1207 1182,1207 1182,1207"/>
                    <TextEquiv>
                        <Unicode>hopeloos.</Unicode>
                    </TextEquiv>
                </Word>
                <TextEquiv>
                    <Unicode>een zeer zware taak zijn en vrijwel hopeloos.</Unicode>
                </TextEquiv>
            </TextLine>
            <TextEquiv>
                <Unicode></Unicode>
            </TextEquiv>
        </TextRegion>
        <TextRegion id="r_3637" custom="readingOrder {index:3;} structure {type:heading;}">
            <Coords points="438,1312 438,1426 2161,1426 2161,1312"/>
            <TextLine id="tr_1_tl_13" custom="readingOrder {index:0;} date {offset:0; length:12;}">
                <Coords points="445,1404 487,1404 503,1419 539,1404 679,1419 696,1402 865,1417 865,1353 831,1353 814,1336 784,1364 762,1364 737,1338 709,1364 629,1362 576,1338 558,1353 445,1355"/>
                <Baseline points="456,1394 481,1394 507,1394 533,1394 559,1394 585,1394 611,1394 637,1394 663,1394 689,1394 715,1394 741,1394 767,1394 793,1394 819,1394 845,1392 871,1397"/>
                <Word id="tr_1_tl_13_w1" custom="readingOrder {index:0;}">
                    <Coords points="449,1354 449,1414 484,1414 484,1354 449,1354 449,1354 449,1354 449,1354 449,1354 449,1354"/>
                    <TextEquiv>
                        <Unicode>20</Unicode>
                    </TextEquiv>
                </Word>
                <Word id="tr_1_tl_13_w2" custom="readingOrder {index:1;}">
                    <Coords points="510,1354 510,1414 574,1414 574,1354 510,1354 510,1354 510,1354 510,1354 510,1354 510,1354"/>
                    <TextEquiv>
                        <Unicode>juli</Unicode>
                    </TextEquiv>
                </Word>
                <Word id="tr_1_tl_13_w3" custom="readingOrder {index:2;}">
                    <Coords points="595,1354 595,1414 676,1414 676,1354 595,1354 595,1354 595,1354 595,1354 595,1354 595,1354"/>
                    <TextEquiv>
                        <Unicode>1943</Unicode>
                    </TextEquiv>
                </Word>
                <Word id="tr_1_tl_13_w4" custom="readingOrder {index:3;}">
                    <Coords points="700,1354 700,1414 845,1414 845,1354 700,1354 700,1354 700,1354 700,1354 700,1354 700,1354"/>
                    <TextEquiv>
                        <Unicode>dinsdag</Unicode>
                    </TextEquiv>
                </Word>
                <TextEquiv>
                    <Unicode>20 juli 1943 dinsdag</Unicode>
                </TextEquiv>
            </TextLine>
            <TextEquiv>
                <Unicode></Unicode>
            </TextEquiv>
        </TextRegion>
        <TextRegion id="r_4286" custom="readingOrder {index:4;} structure {type:paragraph;}">
            <Coords points="438,1426 438,1953 2161,1953 2161,1426"/>
            <TextLine id="tr_1_tl_14" custom="readingOrder {index:0;} person {offset:0; length:3;}">
                <Coords points="445,1471 2150,1475 2120,1417 445,1426"/>
                <Baseline points="456,1462 545,1462 634,1465 724,1465 813,1465 903,1465 992,1462 1081,1465 1171,1465 1260,1465 1350,1465 1439,1462 1529,1465 1618,1465 1707,1465 1797,1465 1886,1465 1976,1465 2065,1462 2155,1468"/>
                <Word id="tr_1_tl_14_w1" custom="readingOrder {index:0;}">
                    <Coords points="448,1422 448,1482 527,1482 527,1422 448,1422 448,1422 448,1422 448,1422 448,1422 448,1422 448,1422"/>
                    <TextEquiv>
                        <Unicode>Cor</Unicode>
                    </TextEquiv>
                </Word>
                <Word id="tr_1_tl_14_w2" custom="readingOrder {index:1;}">
                    <Coords points="548,1422 548,1482 572,1482 572,1422 548,1422 548,1422 548,1422 548,1422 548,1422 548,1422 548,1422"/>
                    <TextEquiv>
                        <Unicode>is</Unicode>
                    </TextEquiv>
                </Word>
                <Word id="tr_1_tl_14_w3" custom="readingOrder {index:2;}">
                    <Coords points="593,1425 593,1485 678,1485 678,1425 593,1425 593,1425 593,1425 593,1425 593,1425 593,1425 593,1425"/>
                    <TextEquiv>
                        <Unicode>naar</Unicode>
                    </TextEquiv>
                </Word>
                <Word id="tr_1_tl_14_w4" custom="readingOrder {index:3;}">
                    <Coords points="699,1425 699,1485 736,1485 736,1425 699,1425 699,1425 699,1425 699,1425 699,1425 699,1425 699,1425"/>
                    <TextEquiv>
                        <Unicode>de</Unicode>
                    </TextEquiv>
                </Word>
                <Word id="tr_1_tl_14_w5" custom="readingOrder {index:4;}">
                    <Coords points="763,1425 763,1485 892,1485 892,1425 763,1425 763,1425 763,1425 763,1425 763,1425 763,1425 763,1425"/>
                    <TextEquiv>
                        <Unicode>dokter</Unicode>
                    </TextEquiv>
                </Word>
                <Word id="tr_1_tl_14_w6" custom="readingOrder {index:5;}">
                    <Coords points="913,1422 913,1482 1080,1482 1080,1422 913,1422 913,1422 913,1422 913,1422 913,1422 913,1422 913,1422"/>
                    <TextEquiv>
                        <Unicode>geweest.</Unicode>
                    </TextEquiv>
                </Word>
                <Word id="tr_1_tl_14_w7" custom="readingOrder {index:6;}">
                    <Coords points="1101,1425 1101,1485 1146,1485 1146,1425 1101,1425 1101,1425 1101,1425 1101,1425 1101,1425 1101,1425 1101,1425"/>
                    <TextEquiv>
                        <Unicode>Le</Unicode>
                    </TextEquiv>
                </Word>
                <Word id="tr_1_tl_14_w8" custom="readingOrder {index:7;}">
                    <Coords points="1170,1425 1170,1485 1236,1485 1236,1425 1170,1425 1170,1425 1170,1425 1170,1425 1170,1425 1170,1425 1170,1425"/>
                    <TextEquiv>
                        <Unicode>had</Unicode>
                    </TextEquiv>
                </Word>
                <Word id="tr_1_tl_14_w9" custom="readingOrder {index:8;}">
                    <Coords points="1265,1423 1265,1483 1500,1483 1500,1423 1265,1423 1265,1423 1265,1423 1265,1423 1265,1423 1265,1423 1265,1423"/>
                    <TextEquiv>
                        <Unicode>ontzettende</Unicode>
                    </TextEquiv>
                </Word>
                <Word id="tr_1_tl_14_w10" custom="readingOrder {index:9;}">
                    <Coords points="1525,1425 1525,1485 1596,1485 1596,1425 1525,1425 1525,1425 1525,1425 1525,1425 1525,1425 1525,1425 1525,1425"/>
                    <TextEquiv>
                        <Unicode>pijn</Unicode>
                    </TextEquiv>
                </Word>
                <Word id="tr_1_tl_14_w11" custom="readingOrder {index:10;}">
                    <Coords points="1622,1425 1622,1485 1651,1485 1651,1425 1622,1425 1622,1425 1622,1425 1622,1425 1622,1425 1622,1425 1622,1425"/>
                    <TextEquiv>
                        <Unicode>in</Unicode>
                    </TextEquiv>
                </Word>
                <Word id="tr_1_tl_14_w12" custom="readingOrder {index:11;}">
                    <Coords points="1678,1425 1678,1485 1765,1485 1765,1425 1678,1425 1678,1425 1678,1425 1678,1425 1678,1425 1678,1425 1678,1425"/>
                    <TextEquiv>
                        <Unicode>haar</Unicode>
                    </TextEquiv>
                </Word>
                <Word id="tr_1_tl_14_w13" custom="readingOrder {index:12;}">
                    <Coords points="1786,1425 1786,1485 1876,1485 1876,1425 1786,1425 1786,1425 1786,1425 1786,1425 1786,1425 1786,1425 1786,1425"/>
                    <TextEquiv>
                        <Unicode>arm.</Unicode>
                    </TextEquiv>
                </Word>
                <Word id="tr_1_tl_14_w14" custom="readingOrder {index:13;}">
                    <Coords points="1895,1425 1895,1485 1942,1485 1942,1425 1895,1425 1895,1425 1895,1425 1895,1425 1895,1425 1895,1425 1895,1425"/>
                    <TextEquiv>
                        <Unicode>Le</Unicode>
                    </TextEquiv>
                </Word>
                <Word id="tr_1_tl_14_w15" custom="readingOrder {index:14;}">
                    <Coords points="1966,1423 1966,1483 2085,1483 2085,1423 1966,1423 1966,1423 1966,1423 1966,1423 1966,1423 1966,1423 1966,1423"/>
                    <TextEquiv>
                        <Unicode>moest</Unicode>
                    </TextEquiv>
                </Word>
                <Word id="tr_1_tl_14_w16" custom="readingOrder {index:15;}">
                    <Coords points="2107,1425 2107,1485 2141,1485 2141,1425 2107,1425 2107,1425 2107,1425 2107,1425 2107,1425 2107,1425 2107,1425"/>
                    <TextEquiv>
                        <Unicode>de</Unicode>
                    </TextEquiv>
                </Word>
                <TextEquiv>
                    <Unicode>Cor is naar de dokter geweest. Ze had ontzettende pijn in haar arm. Ze moest de</Unicode>
                </TextEquiv>
            </TextLine>
            <TextLine id="tr_1_tl_15" custom="readingOrder {index:1;}">
                <Coords points="447,1550 2148,1548 2148,1503 2090,1486 447,1493"/>
                <Baseline points="459,1534 543,1534 628,1534 712,1535 797,1537 882,1537 966,1537 1051,1535 1136,1537 1220,1537 1305,1537 1390,1534 1474,1537 1559,1537 1644,1537 1728,1537 1813,1537 1898,1537 1982,1537 2067,1537 2152,1537"/>
                <Word id="tr_1_tl_15_w1" custom="readingOrder {index:0;}">
                    <Coords points="447,1494 447,1554 526,1554 526,1494 447,1494 447,1494 447,1494 447,1494 447,1494 447,1494 447,1494"/>
                    <TextEquiv>
                        <Unicode>hele</Unicode>
                    </TextEquiv>
                </Word>
                <Word id="tr_1_tl_15_w2" custom="readingOrder {index:1;}">
                    <Coords points="550,1494 550,1554 640,1554 640,1494 550,1494 550,1494 550,1494 550,1494 550,1494 550,1494 550,1494"/>
                    <TextEquiv>
                        <Unicode>week</Unicode>
                    </TextEquiv>
                </Word>
                <Word id="tr_1_tl_15_w3" custom="readingOrder {index:2;}">
                    <Coords points="669,1494 669,1554 743,1554 743,1494 669,1494 669,1494 669,1494 669,1494 669,1494 669,1494 669,1494"/>
                    <TextEquiv>
                        <Unicode>met</Unicode>
                    </TextEquiv>
                </Word>
                <Word id="tr_1_tl_15_w4" custom="readingOrder {index:3;}">
                    <Coords points="762,1497 762,1557 846,1557 846,1497 762,1497 762,1497 762,1497 762,1497 762,1497 762,1497 762,1497"/>
                    <TextEquiv>
                        <Unicode>haar</Unicode>
                    </TextEquiv>
                </Word>
                <Word id="tr_1_tl_15_w5" custom="readingOrder {index:4;}">
                    <Coords points="868,1497 868,1557 918,1557 918,1497 868,1497 868,1497 868,1497 868,1497 868,1497 868,1497 868,1497"/>
                    <TextEquiv>
                        <Unicode>arm</Unicode>
                    </TextEquiv>
                </Word>
                <Word id="tr_1_tl_15_w6" custom="readingOrder {index:5;}">
                    <Coords points="961,1496 961,1556 992,1556 992,1496 961,1496 961,1496 961,1496 961,1496 961,1496 961,1496 961,1496"/>
                    <TextEquiv>
                        <Unicode>in</Unicode>
                    </TextEquiv>
                </Word>
                <Word id="tr_1_tl_15_w7" custom="readingOrder {index:6;}">
                    <Coords points="1019,1495 1019,1555 1077,1555 1077,1495 1019,1495 1019,1495 1019,1495 1019,1495 1019,1495 1019,1495 1019,1495"/>
                    <TextEquiv>
                        <Unicode>een</Unicode>
                    </TextEquiv>
                </Word>
                <Word id="tr_1_tl_15_w8" custom="readingOrder {index:7;}">
                    <Coords points="1106,1497 1106,1557 1191,1557 1191,1497 1106,1497 1106,1497 1106,1497 1106,1497 1106,1497 1106,1497 1106,1497"/>
                    <TextEquiv>
                        <Unicode>doek</Unicode>
                    </TextEquiv>
                </Word>
                <Word id="tr_1_tl_15_w9" custom="readingOrder {index:8;}">
                    <Coords points="1217,1497 1217,1557 1347,1557 1347,1497 1217,1497 1217,1497 1217,1497 1217,1497 1217,1497 1217,1497 1217,1497"/>
                    <TextEquiv>
                        <Unicode>lopen.</Unicode>
                    </TextEquiv>
                </Word>
                <Word id="tr_1_tl_15_w10" custom="readingOrder {index:9;}">
                    <Coords points="1371,1497 1371,1557 1654,1557 1654,1497 1371,1497 1371,1497 1371,1497 1371,1497 1371,1497 1371,1497 1371,1497"/>
                    <TextEquiv>
                        <Unicode>Waarschijnlijk</Unicode>
                    </TextEquiv>
                </Word>
                <Word id="tr_1_tl_15_w11" custom="readingOrder {index:10;}">
                    <Coords points="1683,1497 1683,1557 1741,1557 1741,1497 1683,1497 1683,1497 1683,1497 1683,1497 1683,1497 1683,1497 1683,1497"/>
                    <TextEquiv>
                        <Unicode>een</Unicode>
                    </TextEquiv>
                </Word>
                <Word id="tr_1_tl_15_w12" custom="readingOrder {index:11;}">
                    <Coords points="1768,1497 1768,1557 1977,1557 1977,1497 1768,1497 1768,1497 1768,1497 1768,1497 1768,1497 1768,1497 1768,1497"/>
                    <TextEquiv>
                        <Unicode>ontsteking</Unicode>
                    </TextEquiv>
                </Word>
                <Word id="tr_1_tl_15_w13" custom="readingOrder {index:12;}">
                    <Coords points="2006,1497 2006,1557 2062,1557 2062,1497 2006,1497 2006,1497 2006,1497 2006,1497 2006,1497 2006,1497 2006,1497"/>
                    <TextEquiv>
                        <Unicode>aan</Unicode>
                    </TextEquiv>
                </Word>
                <Word id="tr_1_tl_15_w14" custom="readingOrder {index:13;}">
                    <Coords points="2088,1497 2088,1557 2146,1557 2146,1497 2088,1497 2088,1497 2088,1497 2088,1497 2088,1497 2088,1497 2088,1497"/>
                    <TextEquiv>
                        <Unicode>het</Unicode>
                    </TextEquiv>
                </Word>
                <TextEquiv>
                    <Unicode>hele week met haar arm in een doek lopen. Waarschijnlijk een ontsteking aan het</Unicode>
                </TextEquiv>
            </TextLine>
            <TextLine id="tr_1_tl_16" custom="readingOrder {index:2;}">
                <Coords points="451,1636 2150,1621 2150,1566 2066,1557 451,1585"/>
                <Baseline points="462,1609 546,1606 631,1609 715,1609 800,1606 885,1608 969,1607 1054,1609 1139,1609 1223,1609 1308,1609 1393,1609 1477,1606 1562,1608 1647,1606 1731,1606 1816,1606 1901,1606 1985,1609 2070,1609 2155,1612"/>
                <Word id="tr_1_tl_16_w1" custom="readingOrder {index:0;}">
                    <Coords points="448,1566 448,1626 647,1626 647,1566 448,1566 448,1566 448,1566 448,1566 448,1566 448,1566 448,1566"/>
                    <TextEquiv>
                        <Unicode>polsbeen.</Unicode>
                    </TextEquiv>
                </Word>
                <Word id="tr_1_tl_16_w2" custom="readingOrder {index:1;}">
                    <Coords points="667,1567 667,1627 833,1627 833,1567 667,1567 667,1567 667,1567 667,1567 667,1567 667,1567 667,1567"/>
                    <TextEquiv>
                        <Unicode>ledereen</Unicode>
                    </TextEquiv>
                </Word>
                <Word id="tr_1_tl_16_w3" custom="readingOrder {index:2;}">
                    <Coords points="864,1567 864,1627 962,1627 962,1567 864,1567 864,1567 864,1567 864,1567 864,1567 864,1567 864,1567"/>
                    <TextEquiv>
                        <Unicode>heeft</Unicode>
                    </TextEquiv>
                </Word>
                <Word id="tr_1_tl_16_w4" custom="readingOrder {index:3;}">
                    <Coords points="985,1568 985,1628 1068,1628 1068,1568 985,1568 985,1568 985,1568 985,1568 985,1568 985,1568 985,1568"/>
                    <TextEquiv>
                        <Unicode>wat.</Unicode>
                    </TextEquiv>
                </Word>
                <Word id="tr_1_tl_16_w5" custom="readingOrder {index:4;}">
                    <Coords points="1091,1569 1091,1629 1143,1629 1143,1569 1091,1569 1091,1569 1091,1569 1091,1569 1091,1569 1091,1569 1091,1569"/>
                    <TextEquiv>
                        <Unicode>De</Unicode>
                    </TextEquiv>
                </Word>
                <Word id="tr_1_tl_16_w6" custom="readingOrder {index:5;}">
                    <Coords points="1169,1569 1169,1629 1320,1629 1320,1569 1169,1569 1169,1569 1169,1569 1169,1569 1169,1569 1169,1569 1169,1569"/>
                    <TextEquiv>
                        <Unicode>mensen</Unicode>
                    </TextEquiv>
                </Word>
                <Word id="tr_1_tl_16_w7" custom="readingOrder {index:6;}">
                    <Coords points="1348,1568 1348,1628 1456,1628 1456,1568 1348,1568 1348,1568 1348,1568 1348,1568 1348,1568 1348,1568 1348,1568"/>
                    <TextEquiv>
                        <Unicode>lopen</Unicode>
                    </TextEquiv>
                </Word>
                <Word id="tr_1_tl_16_w8" custom="readingOrder {index:7;}">
                    <Coords points="1484,1567 1484,1627 1562,1627 1562,1567 1484,1567 1484,1567 1484,1567 1484,1567 1484,1567 1484,1567 1484,1567"/>
                    <TextEquiv>
                        <Unicode>hier</Unicode>
                    </TextEquiv>
                </Word>
                <Word id="tr_1_tl_16_w9" custom="readingOrder {index:8;}">
                    <Coords points="1582,1566 1582,1626 1660,1626 1660,1566 1582,1566 1582,1566 1582,1566 1582,1566 1582,1566 1582,1566 1582,1566"/>
                    <TextEquiv>
                        <Unicode>met</Unicode>
                    </TextEquiv>
                </Word>
                <Word id="tr_1_tl_16_w10" custom="readingOrder {index:9;}">
                    <Coords points="1680,1566 1680,1626 1824,1626 1824,1566 1680,1566 1680,1566 1680,1566 1680,1566 1680,1566 1680,1566 1680,1566"/>
                    <TextEquiv>
                        <Unicode>puisten</Unicode>
                    </TextEquiv>
                </Word>
                <Word id="tr_1_tl_16_w11" custom="readingOrder {index:10;}">
                    <Coords points="1854,1566 1854,1626 1889,1626 1889,1566 1854,1566 1854,1566 1854,1566 1854,1566 1854,1566 1854,1566 1854,1566"/>
                    <TextEquiv>
                        <Unicode>en</Unicode>
                    </TextEquiv>
                </Word>
                <Word id="tr_1_tl_16_w12" custom="readingOrder {index:11;}">
                    <Coords points="1920,1567 1920,1627 1955,1627 1955,1567 1920,1567 1920,1567 1920,1567 1920,1567 1920,1567 1920,1567 1920,1567"/>
                    <TextEquiv>
                        <Unicode>er</Unicode>
                    </TextEquiv>
                </Word>
                <Word id="tr_1_tl_16_w13" custom="readingOrder {index:12;}">
                    <Coords points="1975,1569 1975,1629 2040,1629 2040,1569 1975,1569 1975,1569 1975,1569 1975,1569 1975,1569 1975,1569 1975,1569"/>
                    <TextEquiv>
                        <Unicode>zijn</Unicode>
                    </TextEquiv>
                </Word>
                <Word id="tr_1_tl_16_w14" custom="readingOrder {index:13;}">
                    <Coords points="2069,1570 2069,1630 2149,1630 2149,1570 2069,1570 2069,1570 2069,1570 2069,1570 2069,1570 2069,1570 2069,1570"/>
                    <TextEquiv>
                        <Unicode>heel</Unicode>
                    </TextEquiv>
                </Word>
                <TextEquiv>
                    <Unicode>polsbeen. ledereen heeft wat. De mensen lopen hier met puisten en er zijn heel</Unicode>
                </TextEquiv>
            </TextLine>
            <TextLine id="tr_1_tl_17" custom="readingOrder {index:3;}">
                <Coords points="440,1686 1845,1692 1845,1656 1714,1630 440,1651"/>
                <Baseline points="453,1677 522,1678 592,1677 662,1679 732,1678 801,1680 871,1680 941,1680 1011,1680 1080,1680 1150,1680 1220,1680 1290,1678 1359,1677 1429,1677 1499,1680 1569,1680 1638,1680 1708,1683 1778,1680 1848,1680"/>
                <Word id="tr_1_tl_17_w1" custom="readingOrder {index:0;}">
                    <Coords points="440,1637 440,1697 514,1697 514,1637 440,1637 440,1637 440,1637 440,1637 440,1637 440,1637 440,1637"/>
                    <TextEquiv>
                        <Unicode>wat</Unicode>
                    </TextEquiv>
                </Word>
                <Word id="tr_1_tl_17_w2" custom="readingOrder {index:1;}">
                    <Coords points="533,1637 533,1697 642,1697 642,1637 533,1637 533,1637 533,1637 533,1637 533,1637 533,1637 533,1637"/>
                    <TextEquiv>
                        <Unicode>heren</Unicode>
                    </TextEquiv>
                </Word>
                <Word id="tr_1_tl_17_w3" custom="readingOrder {index:2;}">
                    <Coords points="669,1638 669,1698 722,1698 722,1638 669,1638 669,1638 669,1638 669,1638 669,1638 669,1638 669,1638"/>
                    <TextEquiv>
                        <Unicode>die</Unicode>
                    </TextEquiv>
                </Word>
                <Word id="tr_1_tl_17_w4" custom="readingOrder {index:3;}">
                    <Coords points="746,1639 746,1699 823,1699 823,1639 746,1639 746,1639 746,1639 746,1639 746,1639 746,1639 746,1639"/>
                    <TextEquiv>
                        <Unicode>met</Unicode>
                    </TextEquiv>
                </Word>
                <Word id="tr_1_tl_17_w5" custom="readingOrder {index:4;}">
                    <Coords points="842,1640 842,1700 1103,1700 1103,1640 842,1640 842,1640 842,1640 842,1640 842,1640 842,1640 842,1640"/>
                    <TextEquiv>
                        <Unicode>baardschurft</Unicode>
                    </TextEquiv>
                </Word>
                <Word id="tr_1_tl_17_w6" custom="readingOrder {index:5;}">
                    <Coords points="1124,1640 1124,1700 1162,1700 1162,1640 1124,1640 1124,1640 1124,1640 1124,1640 1124,1640 1124,1640 1124,1640"/>
                    <TextEquiv>
                        <Unicode>of</Unicode>
                    </TextEquiv>
                </Word>
                <Word id="tr_1_tl_17_w7" custom="readingOrder {index:6;}">
                    <Coords points="1181,1640 1181,1700 1257,1700 1257,1640 1181,1640 1181,1640 1181,1640 1181,1640 1181,1640 1181,1640 1181,1640"/>
                    <TextEquiv>
                        <Unicode>met</Unicode>
                    </TextEquiv>
                </Word>
                <Word id="tr_1_tl_17_w8" custom="readingOrder {index:7;}">
                    <Coords points="1276,1637 1276,1697 1441,1697 1441,1637 1276,1637 1276,1637 1276,1637 1276,1637 1276,1637 1276,1637 1276,1637"/>
                    <TextEquiv>
                        <Unicode>pleisters</Unicode>
                    </TextEquiv>
                </Word>
                <Word id="tr_1_tl_17_w9" custom="readingOrder {index:8;}">
                    <Coords points="1463,1639 1463,1699 1492,1699 1492,1639 1463,1639 1463,1639 1463,1639 1463,1639 1463,1639 1463,1639 1463,1639"/>
                    <TextEquiv>
                        <Unicode>in</Unicode>
                    </TextEquiv>
                </Word>
                <Word id="tr_1_tl_17_w10" custom="readingOrder {index:9;}">
                    <Coords points="1519,1640 1519,1700 1590,1700 1590,1640 1519,1640 1519,1640 1519,1640 1519,1640 1519,1640 1519,1640 1519,1640"/>
                    <TextEquiv>
                        <Unicode>hun</Unicode>
                    </TextEquiv>
                </Word>
                <Word id="tr_1_tl_17_w11" custom="readingOrder {index:10;}">
                    <Coords points="1617,1640 1617,1700 1694,1700 1694,1640 1617,1640 1617,1640 1617,1640 1617,1640 1617,1640 1617,1640 1617,1640"/>
                    <TextEquiv>
                        <Unicode>hals</Unicode>
                    </TextEquiv>
                </Word>
                <Word id="tr_1_tl_17_w12" custom="readingOrder {index:11;}">
                    <Coords points="1716,1640 1716,1700 1843,1700 1843,1640 1716,1640 1716,1640 1716,1640 1716,1640 1716,1640 1716,1640 1716,1640"/>
                    <TextEquiv>
                        <Unicode>lopen.</Unicode>
                    </TextEquiv>
                </Word>
                <TextEquiv>
                    <Unicode>wat heren die met baardschurft of met pleisters in hun hals lopen.</Unicode>
                </TextEquiv>
            </TextLine>
            <TextLine id="tr_1_tl_18" custom="readingOrder {index:4;}">
                <Coords points="447,1765 2143,1765 2143,1718 2036,1701 447,1714"/>
                <Baseline points="459,1752 543,1752 628,1752 712,1752 797,1752 881,1751 966,1749 1050,1749 1135,1749 1219,1749 1304,1752 1388,1750 1473,1751 1557,1752 1642,1750 1726,1751 1811,1753 1895,1752 1980,1752 2064,1755 2149,1755"/>
                <Word id="tr_1_tl_18_w1" custom="readingOrder {index:0;}">
                    <Coords points="448,1712 448,1772 492,1772 492,1712 448,1712 448,1712 448,1712 448,1712 448,1712 448,1712 448,1712"/>
                    <TextEquiv>
                        <Unicode>Er</Unicode>
                    </TextEquiv>
                </Word>
                <Word id="tr_1_tl_18_w2" custom="readingOrder {index:1;}">
                    <Coords points="511,1712 511,1772 536,1772 536,1712 511,1712 511,1712 511,1712 511,1712 511,1712 511,1712 511,1712"/>
                    <TextEquiv>
                        <Unicode>is</Unicode>
                    </TextEquiv>
                </Word>
                <Word id="tr_1_tl_18_w3" custom="readingOrder {index:2;}">
                    <Coords points="556,1712 556,1772 639,1772 639,1712 556,1712 556,1712 556,1712 556,1712 556,1712 556,1712 556,1712"/>
                    <TextEquiv>
                        <Unicode>geen</Unicode>
                    </TextEquiv>
                </Word>
                <Word id="tr_1_tl_18_w4" custom="readingOrder {index:3;}">
                    <Coords points="664,1712 664,1772 861,1772 861,1712 664,1712 664,1712 664,1712 664,1712 664,1712 664,1712 664,1712"/>
                    <TextEquiv>
                        <Unicode>luchtalarm</Unicode>
                    </TextEquiv>
                </Word>
                <Word id="tr_1_tl_18_w5" custom="readingOrder {index:4;}">
                    <Coords points="905,1709 905,1769 1061,1769 1061,1709 905,1709 905,1709 905,1709 905,1709 905,1709 905,1709 905,1709"/>
                    <TextEquiv>
                        <Unicode>geweest</Unicode>
                    </TextEquiv>
                </Word>
                <Word id="tr_1_tl_18_w6" custom="readingOrder {index:5;}">
                    <Coords points="1080,1709 1080,1769 1116,1769 1116,1709 1080,1709 1080,1709 1080,1709 1080,1709 1080,1709 1080,1709 1080,1709"/>
                    <TextEquiv>
                        <Unicode>en</Unicode>
                    </TextEquiv>
                </Word>
                <Word id="tr_1_tl_18_w7" custom="readingOrder {index:6;}">
                    <Coords points="1141,1709 1141,1769 1166,1769 1166,1709 1141,1709 1141,1709 1141,1709 1141,1709 1141,1709 1141,1709 1141,1709"/>
                    <TextEquiv>
                        <Unicode>ik</Unicode>
                    </TextEquiv>
                </Word>
                <Word id="tr_1_tl_18_w8" custom="readingOrder {index:7;}">
                    <Coords points="1195,1709 1195,1769 1255,1769 1255,1709 1195,1709 1195,1709 1195,1709 1195,1709 1195,1709 1195,1709 1195,1709"/>
                    <TextEquiv>
                        <Unicode>heb</Unicode>
                    </TextEquiv>
                </Word>
                <Word id="tr_1_tl_18_w9" custom="readingOrder {index:8;}">
                    <Coords points="1286,1712 1286,1772 1322,1772 1322,1712 1286,1712 1286,1712 1286,1712 1286,1712 1286,1712 1286,1712 1286,1712"/>
                    <TextEquiv>
                        <Unicode>de</Unicode>
                    </TextEquiv>
                </Word>
                <Word id="tr_1_tl_18_w10" custom="readingOrder {index:9;}">
                    <Coords points="1344,1710 1344,1770 1422,1770 1422,1710 1344,1710 1344,1710 1344,1710 1344,1710 1344,1710 1344,1710 1344,1710"/>
                    <TextEquiv>
                        <Unicode>hele</Unicode>
                    </TextEquiv>
                </Word>
                <Word id="tr_1_tl_18_w11" custom="readingOrder {index:10;}">
                    <Coords points="1444,1711 1444,1771 1505,1771 1505,1711 1444,1711 1444,1711 1444,1711 1444,1711 1444,1711 1444,1711 1444,1711"/>
                    <TextEquiv>
                        <Unicode>dag</Unicode>
                    </TextEquiv>
                </Word>
                <Word id="tr_1_tl_18_w12" custom="readingOrder {index:11;}">
                    <Coords points="1530,1711 1530,1771 1558,1771 1558,1711 1530,1711 1530,1711 1530,1711 1530,1711 1530,1711 1530,1711 1530,1711"/>
                    <TextEquiv>
                        <Unicode>in</Unicode>
                    </TextEquiv>
                </Word>
                <Word id="tr_1_tl_18_w13" custom="readingOrder {index:12;}">
                    <Coords points="1586,1710 1586,1770 1624,1770 1624,1710 1586,1710 1586,1710 1586,1710 1586,1710 1586,1710 1586,1710 1586,1710"/>
                    <TextEquiv>
                        <Unicode>de</Unicode>
                    </TextEquiv>
                </Word>
                <Word id="tr_1_tl_18_w14" custom="readingOrder {index:13;}">
                    <Coords points="1647,1710 1647,1770 1722,1770 1722,1710 1647,1710 1647,1710 1647,1710 1647,1710 1647,1710 1647,1710 1647,1710"/>
                    <TextEquiv>
                        <Unicode>tuin</Unicode>
                    </TextEquiv>
                </Word>
                <Word id="tr_1_tl_18_w15" custom="readingOrder {index:14;}">
                    <Coords points="1747,1712 1747,1772 1911,1772 1911,1712 1747,1712 1747,1712 1747,1712 1747,1712 1747,1712 1747,1712 1747,1712"/>
                    <TextEquiv>
                        <Unicode>gestaan.</Unicode>
                    </TextEquiv>
                </Word>
                <Word id="tr_1_tl_18_w16" custom="readingOrder {index:15;}">
                    <Coords points="1928,1712 1928,1772 1958,1772 1958,1712 1928,1712 1928,1712 1928,1712 1928,1712 1928,1712 1928,1712 1928,1712"/>
                    <TextEquiv>
                        <Unicode>Ik</Unicode>
                    </TextEquiv>
                </Word>
                <Word id="tr_1_tl_18_w17" custom="readingOrder {index:16;}">
                    <Coords points="1983,1713 1983,1773 2046,1773 2046,1713 1983,1713 1983,1713 1983,1713 1983,1713 1983,1713 1983,1713 1983,1713"/>
                    <TextEquiv>
                        <Unicode>heb</Unicode>
                    </TextEquiv>
                </Word>
                <Word id="tr_1_tl_18_w18" custom="readingOrder {index:17;}">
                    <Coords points="2075,1715 2075,1775 2143,1775 2143,1715 2075,1715 2075,1715 2075,1715 2075,1715 2075,1715 2075,1715 2075,1715"/>
                    <TextEquiv>
                        <Unicode>met</Unicode>
                    </TextEquiv>
                </Word>
                <TextEquiv>
                    <Unicode>Er is geen luchtalarm geweest en ik heb de hele dag in de tuin gestaan. Ik heb met</Unicode>
                </TextEquiv>
            </TextLine>
            <TextLine id="tr_1_tl_19" custom="readingOrder {index:5;} person {offset:19; length:13;}">
                <Coords points="445,1834 2152,1838 2152,1793 1989,1774 445,1791"/>
                <Baseline points="456,1824 541,1824 626,1822 711,1824 796,1823 881,1824 966,1825 1051,1824 1136,1824 1221,1824 1307,1824 1392,1821 1477,1823 1562,1824 1647,1826 1732,1825 1817,1827 1902,1827 1987,1827 2072,1827 2158,1827"/>
                <Word id="tr_1_tl_19_w1" custom="readingOrder {index:0;}">
                    <Coords points="445,1784 445,1844 590,1844 590,1784 445,1784 445,1784 445,1784 445,1784 445,1784 445,1784 445,1784"/>
                    <TextEquiv>
                        <Unicode>stoeltje</Unicode>
                    </TextEquiv>
                </Word>
                <Word id="tr_1_tl_19_w2" custom="readingOrder {index:1;}">
                    <Coords points="617,1782 617,1842 651,1842 651,1782 617,1782 617,1782 617,1782 617,1782 617,1782 617,1782 617,1782"/>
                    <TextEquiv>
                        <Unicode>en</Unicode>
                    </TextEquiv>
                </Word>
                <Word id="tr_1_tl_19_w3" custom="readingOrder {index:2;}">
                    <Coords points="681,1783 681,1843 712,1843 712,1783 681,1783 681,1783 681,1783 681,1783 681,1783 681,1783 681,1783"/>
                    <TextEquiv>
                        <Unicode>al</Unicode>
                    </TextEquiv>
                </Word>
                <Word id="tr_1_tl_19_w4" custom="readingOrder {index:3;}">
                    <Coords points="731,1783 731,1843 784,1843 784,1783 731,1783 731,1783 731,1783 731,1783 731,1783 731,1783 731,1783"/>
                    <TextEquiv>
                        <Unicode>bij</Unicode>
                    </TextEquiv>
                </Word>
                <Word id="tr_1_tl_19_w5" custom="readingOrder {index:4;}">
                    <Coords points="805,1783 805,1843 900,1843 900,1783 805,1783 805,1783 805,1783 805,1783 805,1783 805,1783 805,1783"/>
                    <TextEquiv>
                        <Unicode>tante</Unicode>
                    </TextEquiv>
                </Word>
                <Word id="tr_1_tl_19_w6" custom="readingOrder {index:5;}">
                    <Coords points="924,1784 924,1844 1080,1844 1080,1784 924,1784 924,1784 924,1784 924,1784 924,1784 924,1784 924,1784"/>
                    <TextEquiv>
                        <Unicode>Maartje</Unicode>
                    </TextEquiv>
                </Word>
                <Word id="tr_1_tl_19_w7" custom="readingOrder {index:6;}">
                    <Coords points="1107,1784 1107,1844 1144,1844 1144,1784 1107,1784 1107,1784 1107,1784 1107,1784 1107,1784 1107,1784 1107,1784"/>
                    <TextEquiv>
                        <Unicode>op</Unicode>
                    </TextEquiv>
                </Word>
                <Word id="tr_1_tl_19_w8" custom="readingOrder {index:7;}">
                    <Coords points="1173,1784 1173,1844 1308,1844 1308,1784 1173,1784 1173,1784 1173,1784 1173,1784 1173,1784 1173,1784 1173,1784"/>
                    <TextEquiv>
                        <Unicode>schoot</Unicode>
                    </TextEquiv>
                </Word>
                <Word id="tr_1_tl_19_w9" custom="readingOrder {index:8;}">
                    <Coords points="1332,1781 1332,1841 1475,1841 1475,1781 1332,1781 1332,1781 1332,1781 1332,1781 1332,1781 1332,1781 1332,1781"/>
                    <TextEquiv>
                        <Unicode>gezeten</Unicode>
                    </TextEquiv>
                </Word>
                <Word id="tr_1_tl_19_w10" custom="readingOrder {index:9;}">
                    <Coords points="1504,1783 1504,1843 1541,1843 1541,1783 1504,1783 1504,1783 1504,1783 1504,1783 1504,1783 1504,1783 1504,1783"/>
                    <TextEquiv>
                        <Unicode>en</Unicode>
                    </TextEquiv>
                </Word>
                <Word id="tr_1_tl_19_w11" custom="readingOrder {index:10;}">
                    <Coords points="1568,1784 1568,1844 1631,1844 1631,1784 1568,1784 1568,1784 1568,1784 1568,1784 1568,1784 1568,1784 1568,1784"/>
                    <TextEquiv>
                        <Unicode>heb</Unicode>
                    </TextEquiv>
                </Word>
                <Word id="tr_1_tl_19_w12" custom="readingOrder {index:11;}">
                    <Coords points="1661,1785 1661,1845 1716,1845 1716,1785 1661,1785 1661,1785 1661,1785 1661,1785 1661,1785 1661,1785 1661,1785"/>
                    <TextEquiv>
                        <Unicode>uit</Unicode>
                    </TextEquiv>
                </Word>
                <Word id="tr_1_tl_19_w13" custom="readingOrder {index:12;}">
                    <Coords points="1738,1786 1738,1846 1822,1846 1822,1786 1738,1786 1738,1786 1738,1786 1738,1786 1738,1786 1738,1786 1738,1786"/>
                    <TextEquiv>
                        <Unicode>pure</Unicode>
                    </TextEquiv>
                </Word>
                <Word id="tr_1_tl_19_w14" custom="readingOrder {index:13;}">
                    <Coords points="1849,1787 1849,1847 1939,1847 1939,1787 1849,1787 1849,1787 1849,1787 1849,1787 1849,1787 1849,1787 1849,1787"/>
                    <TextEquiv>
                        <Unicode>dank</Unicode>
                    </TextEquiv>
                </Word>
                <Word id="tr_1_tl_19_w15" custom="readingOrder {index:14;}">
                    <Coords points="1971,1787 1971,1847 2145,1847 2145,1787 1971,1787 1971,1787 1971,1787 1971,1787 1971,1787 1971,1787 1971,1787"/>
                    <TextEquiv>
                        <Unicode>daarvoor</Unicode>
                    </TextEquiv>
                </Word>
                <TextEquiv>
                    <Unicode>stoeltje en al bij tante Maartje op schoot gezeten en heb uit pure dank daarvoor</Unicode>
                </TextEquiv>
            </TextLine>
            <TextLine id="tr_1_tl_20" custom="readingOrder {index:6;}">
                <Coords points="445,1909 1155,1911 1155,1870 1069,1849 984,1870 896,1851 771,1868 752,1849 653,1868 629,1849 603,1870 578,1847 445,1870"/>
                <Baseline points="456,1898 491,1896 526,1897 561,1898 597,1898 632,1895 667,1895 702,1896 738,1897 773,1895 808,1898 843,1898 879,1898 914,1898 949,1898 984,1898 1020,1896 1055,1896 1090,1898 1125,1898 1161,1901"/>
                <Word id="tr_1_tl_20_w1" custom="readingOrder {index:0;}">
                    <Coords points="448,1856 448,1916 509,1916 509,1856 448,1856 448,1856 448,1856 448,1856 448,1856 448,1856 448,1856"/>
                    <TextEquiv>
                        <Unicode>een</Unicode>
                    </TextEquiv>
                </Word>
                <Word id="tr_1_tl_20_w2" custom="readingOrder {index:1;}">
                    <Coords points="539,1858 539,1918 645,1918 645,1858 539,1858 539,1858 539,1858 539,1858 539,1858 539,1858 539,1858"/>
                    <TextEquiv>
                        <Unicode>plasje</Unicode>
                    </TextEquiv>
                </Word>
                <Word id="tr_1_tl_20_w3" custom="readingOrder {index:2;}">
                    <Coords points="672,1855 672,1915 710,1915 710,1855 672,1855 672,1855 672,1855 672,1855 672,1855 672,1855 672,1855"/>
                    <TextEquiv>
                        <Unicode>op</Unicode>
                    </TextEquiv>
                </Word>
                <Word id="tr_1_tl_20_w4" custom="readingOrder {index:3;}">
                    <Coords points="739,1855 739,1915 824,1915 824,1855 739,1855 739,1855 739,1855 739,1855 739,1855 739,1855 739,1855"/>
                    <TextEquiv>
                        <Unicode>haar</Unicode>
                    </TextEquiv>
                </Word>
                <Word id="tr_1_tl_20_w5" custom="readingOrder {index:4;}">
                    <Coords points="846,1858 846,1918 980,1918 980,1858 846,1858 846,1858 846,1858 846,1858 846,1858 846,1858 846,1858"/>
                    <TextEquiv>
                        <Unicode>schoot</Unicode>
                    </TextEquiv>
                </Word>
                <Word id="tr_1_tl_20_w6" custom="readingOrder {index:5;}">
                    <Coords points="1001,1857 1001,1917 1156,1917 1156,1857 1001,1857 1001,1857 1001,1857 1001,1857 1001,1857 1001,1857 1001,1857"/>
                    <TextEquiv>
                        <Unicode>gedaan.</Unicode>
                    </TextEquiv>
                </Word>
                <TextEquiv>
                    <Unicode>een plasje op haar schoot gedaan.</Unicode>
                </TextEquiv>
            </TextLine>
            <TextEquiv>
                <Unicode></Unicode>
            </TextEquiv>
        </TextRegion>
        <TextRegion id="r_4898" custom="readingOrder {index:5;} structure {type:heading;}">
            <Coords points="438,1953 438,2063 2161,2063 2161,1953"/>
            <TextLine id="tr_1_tl_21" custom="readingOrder {index:0;} date {offset:0; length:12;}">
                <Coords points="434,2044 464,2055 481,2051 503,2068 530,2051 689,2059 691,2006 646,2014 625,1993 588,2001 569,1982 552,1999 436,2001"/>
                <Baseline points="447,2039 474,2041 502,2042 529,2042 557,2041 584,2039 612,2039 639,2039 667,2039 695,2042"/>
                <Word id="tr_1_tl_21_w1" custom="readingOrder {index:0;}">
                    <Coords points="436,1999 436,2059 475,2059 475,1999 436,1999 436,1999 436,1999 436,1999 436,1999 436,1999 436,1999 436,1999"/>
                    <TextEquiv>
                        <Unicode>21</Unicode>
                    </TextEquiv>
                </Word>
                <Word id="tr_1_tl_21_w2" custom="readingOrder {index:1;}">
                    <Coords points="499,2001 499,2061 569,2061 569,2001 499,2001 499,2001 499,2001 499,2001 499,2001 499,2001 499,2001 499,2001"/>
                    <TextEquiv>
                        <Unicode>juli</Unicode>
                    </TextEquiv>
                </Word>
                <Word id="tr_1_tl_21_w3" custom="readingOrder {index:2;}">
                    <Coords points="591,1999 591,2059 675,2059 675,1999 591,1999 591,1999 591,1999 591,1999 591,1999 591,1999 591,1999 591,1999"/>
                    <TextEquiv>
                        <Unicode>1943</Unicode>
                    </TextEquiv>
                </Word>
                <TextEquiv>
                    <Unicode>21 juli 1943</Unicode>
                </TextEquiv>
            </TextLine>
            <TextEquiv>
                <Unicode></Unicode>
            </TextEquiv>
        </TextRegion>
        <TextRegion id="r_5326" custom="readingOrder {index:6;} structure {type:paragraph;}">
            <Coords points="438,2063 438,2746 2161,2746 2161,2063"/>
            <TextLine id="tr_1_tl_22" custom="readingOrder {index:0;} person {offset:0; length:3;}">
                <Coords points="445,2115 2150,2124 2150,2074 2077,2059 445,2070"/>
                <Baseline points="456,2107 545,2107 634,2110 724,2107 813,2107 903,2110 992,2110 1081,2107 1171,2110 1260,2107 1350,2110 1439,2110 1529,2110 1618,2110 1707,2110 1797,2110 1886,2110 1976,2113 2065,2113 2155,2113"/>
                <Word id="tr_1_tl_22_w1" custom="readingOrder {index:0;}">
                    <Coords points="448,2067 448,2127 526,2127 526,2067 448,2067 448,2067 448,2067 448,2067 448,2067 448,2067 448,2067 448,2067 448,2067"/>
                    <TextEquiv>
                        <Unicode>Tor</Unicode>
                    </TextEquiv>
                </Word>
                <Word id="tr_1_tl_22_w2" custom="readingOrder {index:1;}">
                    <Coords points="548,2068 548,2128 632,2128 632,2068 548,2068 548,2068 548,2068 548,2068 548,2068 548,2068 548,2068 548,2068 548,2068"/>
                    <TextEquiv>
                        <Unicode>haar</Unicode>
                    </TextEquiv>
                </Word>
                <Word id="tr_1_tl_22_w3" custom="readingOrder {index:2;}">
                    <Coords points="651,2068 651,2128 732,2128 732,2068 651,2068 651,2068 651,2068 651,2068 651,2068 651,2068 651,2068 651,2068 651,2068"/>
                    <TextEquiv>
                        <Unicode>pols</Unicode>
                    </TextEquiv>
                </Word>
                <Word id="tr_1_tl_22_w4" custom="readingOrder {index:3;}">
                    <Coords points="754,2067 754,2127 821,2127 821,2067 754,2067 754,2067 754,2067 754,2067 754,2067 754,2067 754,2067 754,2067 754,2067"/>
                    <TextEquiv>
                        <Unicode>was</Unicode>
                    </TextEquiv>
                </Word>
                <Word id="tr_1_tl_22_w5" custom="readingOrder {index:4;}">
                    <Coords points="843,2070 843,2130 1068,2130 1068,2070 843,2070 843,2070 843,2070 843,2070 843,2070 843,2070 843,2070 843,2070 843,2070"/>
                    <TextEquiv>
                        <Unicode>vanmorgen</Unicode>
                    </TextEquiv>
                </Word>
                <Word id="tr_1_tl_22_w6" custom="readingOrder {index:5;}">
                    <Coords points="1095,2068 1095,2128 1152,2128 1152,2068 1095,2068 1095,2068 1095,2068 1095,2068 1095,2068 1095,2068 1095,2068 1095,2068 1095,2068"/>
                    <TextEquiv>
                        <Unicode>een</Unicode>
                    </TextEquiv>
                </Word>
                <Word id="tr_1_tl_22_w7" custom="readingOrder {index:6;}">
                    <Coords points="1179,2068 1179,2128 1260,2128 1260,2068 1179,2068 1179,2068 1179,2068 1179,2068 1179,2068 1179,2068 1179,2068 1179,2068 1179,2068"/>
                    <TextEquiv>
                        <Unicode>heel</Unicode>
                    </TextEquiv>
                </Word>
                <Word id="tr_1_tl_22_w8" custom="readingOrder {index:7;}">
                    <Coords points="1279,2068 1279,2128 1352,2128 1352,2068 1279,2068 1279,2068 1279,2068 1279,2068 1279,2068 1279,2068 1279,2068 1279,2068 1279,2068"/>
                    <TextEquiv>
                        <Unicode>stuk</Unicode>
                    </TextEquiv>
                </Word>
                <Word id="tr_1_tl_22_w9" custom="readingOrder {index:8;}">
                    <Coords points="1382,2070 1382,2130 1496,2130 1496,2070 1382,2070 1382,2070 1382,2070 1382,2070 1382,2070 1382,2070 1382,2070 1382,2070 1382,2070"/>
                    <TextEquiv>
                        <Unicode>beter.</Unicode>
                    </TextEquiv>
                </Word>
                <Word id="tr_1_tl_22_w10" custom="readingOrder {index:9;}">
                    <Coords points="1515,2070 1515,2130 1699,2130 1699,2070 1515,2070 1515,2070 1515,2070 1515,2070 1515,2070 1515,2070 1515,2070 1515,2070 1515,2070"/>
                    <TextEquiv>
                        <Unicode>Gelukkig</Unicode>
                    </TextEquiv>
                </Word>
                <Word id="tr_1_tl_22_w11" custom="readingOrder {index:10;}">
                    <Coords points="1723,2070 1723,2130 1747,2130 1747,2070 1723,2070 1723,2070 1723,2070 1723,2070 1723,2070 1723,2070 1723,2070 1723,2070 1723,2070"/>
                    <TextEquiv>
                        <Unicode>is</Unicode>
                    </TextEquiv>
                </Word>
                <Word id="tr_1_tl_22_w12" custom="readingOrder {index:11;}">
                    <Coords points="1769,2070 1769,2130 1831,2130 1831,2070 1769,2070 1769,2070 1769,2070 1769,2070 1769,2070 1769,2070 1769,2070 1769,2070 1769,2070"/>
                    <TextEquiv>
                        <Unicode>het</Unicode>
                    </TextEquiv>
                </Word>
                <Word id="tr_1_tl_22_w13" custom="readingOrder {index:12;}">
                    <Coords points="1848,2070 1848,2130 1926,2130 1926,2070 1848,2070 1848,2070 1848,2070 1848,2070 1848,2070 1848,2070 1848,2070 1848,2070 1848,2070"/>
                    <TextEquiv>
                        <Unicode>niet</Unicode>
                    </TextEquiv>
                </Word>
                <Word id="tr_1_tl_22_w14" custom="readingOrder {index:13;}">
                    <Coords points="1945,2073 1945,2133 2013,2133 2013,2073 1945,2073 1945,2073 1945,2073 1945,2073 1945,2073 1945,2073 1945,2073 1945,2073 1945,2073"/>
                    <TextEquiv>
                        <Unicode>wat</Unicode>
                    </TextEquiv>
                </Word>
                <Word id="tr_1_tl_22_w15" custom="readingOrder {index:14;}">
                    <Coords points="2035,2073 2035,2133 2091,2133 2091,2073 2035,2073 2035,2073 2035,2073 2035,2073 2035,2073 2035,2073 2035,2073 2035,2073 2035,2073"/>
                    <TextEquiv>
                        <Unicode>wij</Unicode>
                    </TextEquiv>
                </Word>
                <Word id="tr_1_tl_22_w16" custom="readingOrder {index:15;}">
                    <Coords points="2110,2073 2110,2133 2137,2133 2137,2073 2110,2073 2110,2073 2110,2073 2110,2073 2110,2073 2110,2073 2110,2073 2110,2073 2110,2073"/>
                    <TextEquiv>
                        <Unicode>in</Unicode>
                    </TextEquiv>
                </Word>
                <TextEquiv>
                    <Unicode>Cor haar pols was vanmorgen een heel stuk beter. Gelukkig is het niet wat wij in</Unicode>
                </TextEquiv>
            </TextLine>
            <TextLine id="tr_1_tl_23" custom="readingOrder {index:1;}">
                <Coords points="438,2195 1671,2199 1615,2132 438,2154"/>
                <Baseline points="450,2179 511,2179 572,2179 633,2179 694,2179 756,2179 817,2182 878,2180 939,2182 1000,2180 1062,2182 1123,2179 1184,2179 1245,2179 1306,2182 1368,2182 1429,2182 1490,2182 1551,2182 1612,2182 1674,2185"/>
                <Word id="tr_1_tl_23_w1" custom="readingOrder {index:0;}">
                    <Coords points="440,2139 440,2199 552,2199 552,2139 440,2139 440,2139 440,2139 440,2139 440,2139 440,2139 440,2139 440,2139 440,2139"/>
                    <TextEquiv>
                        <Unicode>eerste</Unicode>
                    </TextEquiv>
                </Word>
                <Word id="tr_1_tl_23_w2" custom="readingOrder {index:1;}">
                    <Coords points="577,2139 577,2199 750,2199 750,2139 577,2139 577,2139 577,2139 577,2139 577,2139 577,2139 577,2139 577,2139 577,2139"/>
                    <TextEquiv>
                        <Unicode>instantie</Unicode>
                    </TextEquiv>
                </Word>
                <Word id="tr_1_tl_23_w3" custom="readingOrder {index:2;}">
                    <Coords points="776,2140 776,2200 950,2200 950,2140 776,2140 776,2140 776,2140 776,2140 776,2140 776,2140 776,2140 776,2140 776,2140"/>
                    <TextEquiv>
                        <Unicode>dachten,</Unicode>
                    </TextEquiv>
                </Word>
                <Word id="tr_1_tl_23_w4" custom="readingOrder {index:3;}">
                    <Coords points="971,2140 971,2200 1070,2200 1070,2140 971,2140 971,2140 971,2140 971,2140 971,2140 971,2140 971,2140 971,2140 971,2140"/>
                    <TextEquiv>
                        <Unicode>maar</Unicode>
                    </TextEquiv>
                </Word>
                <Word id="tr_1_tl_23_w5" custom="readingOrder {index:4;}">
                    <Coords points="1091,2139 1091,2199 1200,2199 1200,2139 1091,2139 1091,2139 1091,2139 1091,2139 1091,2139 1091,2139 1091,2139 1091,2139 1091,2139"/>
                    <TextEquiv>
                        <Unicode>blijkt</Unicode>
                    </TextEquiv>
                </Word>
                <Word id="tr_1_tl_23_w6" custom="readingOrder {index:5;}">
                    <Coords points="1220,2139 1220,2199 1281,2199 1281,2139 1220,2139 1220,2139 1220,2139 1220,2139 1220,2139 1220,2139 1220,2139 1220,2139 1220,2139"/>
                    <TextEquiv>
                        <Unicode>het</Unicode>
                    </TextEquiv>
                </Word>
                <Word id="tr_1_tl_23_w7" custom="readingOrder {index:6;}">
                    <Coords points="1302,2142 1302,2202 1502,2202 1502,2142 1302,2142 1302,2142 1302,2142 1302,2142 1302,2142 1302,2142 1302,2142 1302,2142 1302,2142"/>
                    <TextEquiv>
                        <Unicode>reumatiek</Unicode>
                    </TextEquiv>
                </Word>
                <Word id="tr_1_tl_23_w8" custom="readingOrder {index:7;}">
                    <Coords points="1530,2142 1530,2202 1558,2202 1558,2142 1530,2142 1530,2142 1530,2142 1530,2142 1530,2142 1530,2142 1530,2142 1530,2142 1530,2142"/>
                    <TextEquiv>
                        <Unicode>te</Unicode>
                    </TextEquiv>
                </Word>
                <Word id="tr_1_tl_23_w9" custom="readingOrder {index:8;}">
                    <Coords points="1584,2142 1584,2202 1670,2202 1670,2142 1584,2142 1584,2142 1584,2142 1584,2142 1584,2142 1584,2142 1584,2142 1584,2142 1584,2142"/>
                    <TextEquiv>
                        <Unicode>zijn.</Unicode>
                    </TextEquiv>
                </Word>
                <TextEquiv>
                    <Unicode>eerste instantie dachten, maar blijkt het reumatiek te zijn.</Unicode>
                </TextEquiv>
            </TextLine>
            <TextLine id="tr_1_tl_24" custom="readingOrder {index:2;} person {offset:0; length:7;}">
                <Coords points="445,2261 2150,2266 2122,2201 445,2210"/>
                <Baseline points="456,2248 545,2248 634,2248 724,2248 813,2251 903,2251 992,2251 1081,2248 1171,2248 1260,2251 1350,2251 1439,2251 1529,2254 1618,2254 1707,2254 1797,2254 1886,2254 1976,2254 2065,2254 2155,2251"/>
                <Word id="tr_1_tl_24_w1" custom="readingOrder {index:0;}">
                    <Coords points="445,2208 445,2268 501,2268 501,2208 445,2208 445,2208 445,2208 445,2208 445,2208 445,2208 445,2208 445,2208 445,2208"/>
                    <TextEquiv>
                        <Unicode>De</Unicode>
                    </TextEquiv>
                </Word>
                <Word id="tr_1_tl_24_w2" custom="readingOrder {index:1;}">
                    <Coords points="525,2208 525,2268 612,2268 612,2208 525,2208 525,2208 525,2208 525,2208 525,2208 525,2208 525,2208 525,2208 525,2208"/>
                    <TextEquiv>
                        <Unicode>paus</Unicode>
                    </TextEquiv>
                </Word>
                <Word id="tr_1_tl_24_w3" custom="readingOrder {index:2;}">
                    <Coords points="633,2208 633,2268 734,2268 734,2208 633,2208 633,2208 633,2208 633,2208 633,2208 633,2208 633,2208 633,2208 633,2208"/>
                    <TextEquiv>
                        <Unicode>heeft</Unicode>
                    </TextEquiv>
                </Word>
                <Word id="tr_1_tl_24_w4" custom="readingOrder {index:3;}">
                    <Coords points="755,2211 755,2271 954,2271 954,2211 755,2211 755,2211 755,2211 755,2211 755,2211 755,2211 755,2211 755,2211 755,2211"/>
                    <TextEquiv>
                        <Unicode>gesproken</Unicode>
                    </TextEquiv>
                </Word>
                <Word id="tr_1_tl_24_w5" custom="readingOrder {index:4;}">
                    <Coords points="980,2210 980,2270 1062,2270 1062,2210 980,2210 980,2210 980,2210 980,2210 980,2210 980,2210 980,2210 980,2210 980,2210"/>
                    <TextEquiv>
                        <Unicode>over</Unicode>
                    </TextEquiv>
                </Word>
                <Word id="tr_1_tl_24_w6" custom="readingOrder {index:5;}">
                    <Coords points="1081,2208 1081,2268 1143,2268 1143,2208 1081,2208 1081,2208 1081,2208 1081,2208 1081,2208 1081,2208 1081,2208 1081,2208 1081,2208"/>
                    <TextEquiv>
                        <Unicode>het</Unicode>
                    </TextEquiv>
                </Word>
                <Word id="tr_1_tl_24_w7" custom="readingOrder {index:6;}">
                    <Coords points="1161,2211 1161,2271 1432,2271 1432,2211 1161,2211 1161,2211 1161,2211 1161,2211 1161,2211 1161,2211 1161,2211 1161,2211 1161,2211"/>
                    <TextEquiv>
                        <Unicode>bombarderen</Unicode>
                    </TextEquiv>
                </Word>
                <Word id="tr_1_tl_24_w8" custom="readingOrder {index:7;}">
                    <Coords points="1459,2212 1459,2272 1518,2272 1518,2212 1459,2212 1459,2212 1459,2212 1459,2212 1459,2212 1459,2212 1459,2212 1459,2212 1459,2212"/>
                    <TextEquiv>
                        <Unicode>van</Unicode>
                    </TextEquiv>
                </Word>
                <Word id="tr_1_tl_24_w9" custom="readingOrder {index:8;}">
                    <Coords points="1544,2214 1544,2274 1668,2274 1668,2214 1544,2214 1544,2214 1544,2214 1544,2214 1544,2214 1544,2214 1544,2214 1544,2214 1544,2214"/>
                    <TextEquiv>
                        <Unicode>steden</Unicode>
                    </TextEquiv>
                </Word>
                <Word id="tr_1_tl_24_w10" custom="readingOrder {index:9;}">
                    <Coords points="1694,2214 1694,2274 1732,2274 1732,2214 1694,2214 1694,2214 1694,2214 1694,2214 1694,2214 1694,2214 1694,2214 1694,2214 1694,2214"/>
                    <TextEquiv>
                        <Unicode>en</Unicode>
                    </TextEquiv>
                </Word>
                <Word id="tr_1_tl_24_w11" custom="readingOrder {index:10;}">
                    <Coords points="1759,2214 1759,2274 1797,2274 1797,2214 1759,2214 1759,2214 1759,2214 1759,2214 1759,2214 1759,2214 1759,2214 1759,2214 1759,2214"/>
                    <TextEquiv>
                        <Unicode>de</Unicode>
                    </TextEquiv>
                </Word>
                <Word id="tr_1_tl_24_w12" custom="readingOrder {index:11;}">
                    <Coords points="1823,2214 1823,2274 1929,2274 1929,2214 1823,2214 1823,2214 1823,2214 1823,2214 1823,2214 1823,2214 1823,2214 1823,2214 1823,2214"/>
                    <TextEquiv>
                        <Unicode>ofters</Unicode>
                    </TextEquiv>
                </Word>
                <Word id="tr_1_tl_24_w13" custom="readingOrder {index:12;}">
                    <Coords points="1950,2214 1950,2274 2001,2274 2001,2214 1950,2214 1950,2214 1950,2214 1950,2214 1950,2214 1950,2214 1950,2214 1950,2214 1950,2214"/>
                    <TextEquiv>
                        <Unicode>die</Unicode>
                    </TextEquiv>
                </Word>
                <Word id="tr_1_tl_24_w14" custom="readingOrder {index:13;}">
                    <Coords points="2025,2214 2025,2274 2058,2274 2058,2214 2025,2214 2025,2214 2025,2214 2025,2214 2025,2214 2025,2214 2025,2214 2025,2214 2025,2214"/>
                    <TextEquiv>
                        <Unicode>er</Unicode>
                    </TextEquiv>
                </Word>
                <Word id="tr_1_tl_24_w15" custom="readingOrder {index:14;}">
                    <Coords points="2079,2212 2079,2272 2146,2272 2146,2212 2079,2212 2079,2212 2079,2212 2079,2212 2079,2212 2079,2212 2079,2212 2079,2212 2079,2212"/>
                    <TextEquiv>
                        <Unicode>val-</Unicode>
                    </TextEquiv>
                </Word>
                <TextEquiv>
                    <Unicode>De paus heeft gesproken over het bombarderen van steden en de offers die er val-</Unicode>
                </TextEquiv>
            </TextLine>
            <TextLine id="tr_1_tl_25" custom="readingOrder {index:3;}">
                <Coords points="440,2330 2148,2334 2126,2278 440,2278"/>
                <Baseline points="453,2322 542,2319 631,2319 721,2319 810,2322 900,2319 989,2319 1078,2322 1168,2322 1257,2322 1347,2325 1436,2322 1526,2325 1615,2325 1704,2322 1794,2322 1883,2322 1973,2325 2062,2325 2152,2322"/>
                <Word id="tr_1_tl_25_w1" custom="readingOrder {index:0;}">
                    <Coords points="439,2281 439,2341 516,2341 516,2281 439,2281 439,2281 439,2281 439,2281 439,2281 439,2281 439,2281 439,2281 439,2281"/>
                    <TextEquiv>
                        <Unicode>len.</Unicode>
                    </TextEquiv>
                </Word>
                <Word id="tr_1_tl_25_w2" custom="readingOrder {index:1;}">
                    <Coords points="540,2279 540,2339 628,2339 628,2279 540,2279 540,2279 540,2279 540,2279 540,2279 540,2279 540,2279 540,2279 540,2279"/>
                    <TextEquiv>
                        <Unicode>Niet</Unicode>
                    </TextEquiv>
                </Word>
                <Word id="tr_1_tl_25_w3" custom="readingOrder {index:2;}">
                    <Coords points="653,2279 653,2339 760,2339 760,2279 653,2279 653,2279 653,2279 653,2279 653,2279 653,2279 653,2279 653,2279 653,2279"/>
                    <TextEquiv>
                        <Unicode>alleen</Unicode>
                    </TextEquiv>
                </Word>
                <Word id="tr_1_tl_25_w4" custom="readingOrder {index:3;}">
                    <Coords points="792,2281 792,2341 849,2341 849,2281 792,2281 792,2281 792,2281 792,2281 792,2281 792,2281 792,2281 792,2281 792,2281"/>
                    <TextEquiv>
                        <Unicode>aan</Unicode>
                    </TextEquiv>
                </Word>
                <Word id="tr_1_tl_25_w5" custom="readingOrder {index:4;}">
                    <Coords points="878,2279 878,2339 1051,2339 1051,2279 878,2279 878,2279 878,2279 878,2279 878,2279 878,2279 878,2279 878,2279 878,2279"/>
                    <TextEquiv>
                        <Unicode>mensen,</Unicode>
                    </TextEquiv>
                </Word>
                <Word id="tr_1_tl_25_w6" custom="readingOrder {index:5;}">
                    <Coords points="1073,2282 1073,2342 1173,2342 1173,2282 1073,2282 1073,2282 1073,2282 1073,2282 1073,2282 1073,2282 1073,2282 1073,2282 1073,2282"/>
                    <TextEquiv>
                        <Unicode>maar</Unicode>
                    </TextEquiv>
                </Word>
                <Word id="tr_1_tl_25_w7" custom="readingOrder {index:6;}">
                    <Coords points="1198,2282 1198,2342 1260,2342 1260,2282 1198,2282 1198,2282 1198,2282 1198,2282 1198,2282 1198,2282 1198,2282 1198,2282 1198,2282"/>
                    <TextEquiv>
                        <Unicode>ook</Unicode>
                    </TextEquiv>
                </Word>
                <Word id="tr_1_tl_25_w8" custom="readingOrder {index:7;}">
                    <Coords points="1294,2284 1294,2344 1351,2344 1351,2284 1294,2284 1294,2284 1294,2284 1294,2284 1294,2284 1294,2284 1294,2284 1294,2284 1294,2284"/>
                    <TextEquiv>
                        <Unicode>aan</Unicode>
                    </TextEquiv>
                </Word>
                <Word id="tr_1_tl_25_w9" custom="readingOrder {index:8;}">
                    <Coords points="1385,2282 1385,2342 1545,2342 1545,2282 1385,2282 1385,2282 1385,2282 1385,2282 1385,2282 1385,2282 1385,2282 1385,2282 1385,2282"/>
                    <TextEquiv>
                        <Unicode>cultuur.</Unicode>
                    </TextEquiv>
                </Word>
                <Word id="tr_1_tl_25_w10" custom="readingOrder {index:9;}">
                    <Coords points="1567,2285 1567,2345 1644,2345 1644,2285 1567,2285 1567,2285 1567,2285 1567,2285 1567,2285 1567,2285 1567,2285 1567,2285 1567,2285"/>
                    <TextEquiv>
                        <Unicode>Het</Unicode>
                    </TextEquiv>
                </Word>
                <Word id="tr_1_tl_25_w11" custom="readingOrder {index:10;}">
                    <Coords points="1666,2282 1666,2342 1692,2342 1692,2282 1666,2282 1666,2282 1666,2282 1666,2282 1666,2282 1666,2282 1666,2282 1666,2282 1666,2282"/>
                    <TextEquiv>
                        <Unicode>is</Unicode>
                    </TextEquiv>
                </Word>
                <Word id="tr_1_tl_25_w12" custom="readingOrder {index:11;}">
                    <Coords points="1716,2282 1716,2342 1869,2342 1869,2282 1716,2282 1716,2282 1716,2282 1716,2282 1716,2282 1716,2282 1716,2282 1716,2282 1716,2282"/>
                    <TextEquiv>
                        <Unicode>datgene</Unicode>
                    </TextEquiv>
                </Word>
                <Word id="tr_1_tl_25_w13" custom="readingOrder {index:12;}">
                    <Coords points="1898,2283 1898,2343 1965,2343 1965,2283 1898,2283 1898,2283 1898,2283 1898,2283 1898,2283 1898,2283 1898,2283 1898,2283 1898,2283"/>
                    <TextEquiv>
                        <Unicode>wat</Unicode>
                    </TextEquiv>
                </Word>
                <Word id="tr_1_tl_25_w14" custom="readingOrder {index:13;}">
                    <Coords points="1990,2285 1990,2345 2066,2345 2066,2285 1990,2285 1990,2285 1990,2285 1990,2285 1990,2285 1990,2285 1990,2285 1990,2285 1990,2285"/>
                    <TextEquiv>
                        <Unicode>men</Unicode>
                    </TextEquiv>
                </Word>
                <Word id="tr_1_tl_25_w15" custom="readingOrder {index:14;}">
                    <Coords points="2100,2283 2100,2343 2143,2343 2143,2283 2100,2283 2100,2283 2100,2283 2100,2283 2100,2283 2100,2283 2100,2283 2100,2283 2100,2283"/>
                    <TextEquiv>
                        <Unicode>als</Unicode>
                    </TextEquiv>
                </Word>
                <TextEquiv>
                    <Unicode>len. Niet alleen aan mensen, maar ook aan cultuur. Het is datgene wat men als</Unicode>
                </TextEquiv>
            </TextLine>
            <TextLine id="tr_1_tl_26" custom="readingOrder {index:4;}">
                <Coords points="438,2399 509,2420 528,2405 1027,2403 1027,2377 958,2367 921,2336 872,2367 822,2356 758,2375 623,2339 565,2364 438,2364"/>
                <Baseline points="450,2391 479,2391 508,2391 537,2391 566,2393 595,2394 624,2394 653,2394 682,2394 711,2394 740,2393 769,2391 798,2391 827,2392 856,2394 885,2394 914,2394 943,2394 972,2394 1001,2394 1030,2394"/>
                <Word id="tr_1_tl_26_w1" custom="readingOrder {index:0;}">
                    <Coords points="440,2351 440,2411 647,2411 647,2351 440,2351 440,2351 440,2351 440,2351 440,2351 440,2351 440,2351 440,2351 440,2351"/>
                    <TextEquiv>
                        <Unicode>represaille</Unicode>
                    </TextEquiv>
                </Word>
                <Word id="tr_1_tl_26_w2" custom="readingOrder {index:1;}">
                    <Coords points="671,2354 671,2414 736,2414 736,2354 671,2354 671,2354 671,2354 671,2354 671,2354 671,2354 671,2354 671,2354 671,2354"/>
                    <TextEquiv>
                        <Unicode>kan</Unicode>
                    </TextEquiv>
                </Word>
                <Word id="tr_1_tl_26_w3" custom="readingOrder {index:2;}">
                    <Coords points="767,2354 767,2414 1020,2414 1020,2354 767,2354 767,2354 767,2354 767,2354 767,2354 767,2354 767,2354 767,2354 767,2354"/>
                    <TextEquiv>
                        <Unicode>verwachten.</Unicode>
                    </TextEquiv>
                </Word>
                <TextEquiv>
                    <Unicode>represaille kan verwachten.</Unicode>
                </TextEquiv>
            </TextLine>
            <TextLine id="tr_1_tl_27" custom="readingOrder {index:5;} place {offset:0; length:22;}">
                <Coords points="438,2472 2150,2485 2150,2429 2096,2425 438,2418"/>
                <Baseline points="450,2466 535,2466 620,2466 705,2464 791,2466 876,2466 961,2466 1046,2469 1132,2471 1217,2472 1302,2469 1387,2469 1473,2469 1558,2472 1643,2469 1728,2472 1814,2471 1899,2470 1984,2472 2069,2472 2155,2472"/>
                <Word id="tr_1_tl_27_w1" custom="readingOrder {index:0;}">
                    <Coords points="438,2426 438,2486 496,2486 496,2426 438,2426 438,2426 438,2426 438,2426 438,2426 438,2426 438,2426 438,2426 438,2426"/>
                    <TextEquiv>
                        <Unicode>De</Unicode>
                    </TextEquiv>
                </Word>
                <Word id="tr_1_tl_27_w2" custom="readingOrder {index:1;}">
                    <Coords points="526,2426 526,2486 704,2486 704,2426 526,2426 526,2426 526,2426 526,2426 526,2426 526,2426 526,2426 526,2426 526,2426"/>
                    <TextEquiv>
                        <Unicode>overkant</Unicode>
                    </TextEquiv>
                </Word>
                <Word id="tr_1_tl_27_w3" custom="readingOrder {index:2;}">
                    <Coords points="731,2425 731,2485 792,2485 792,2425 731,2425 731,2425 731,2425 731,2425 731,2425 731,2425 731,2425 731,2425 731,2425"/>
                    <TextEquiv>
                        <Unicode>van</Unicode>
                    </TextEquiv>
                </Word>
                <Word id="tr_1_tl_27_w4" custom="readingOrder {index:3;}">
                    <Coords points="824,2426 824,2486 887,2486 887,2426 824,2426 824,2426 824,2426 824,2426 824,2426 824,2426 824,2426 824,2426 824,2426"/>
                    <TextEquiv>
                        <Unicode>het</Unicode>
                    </TextEquiv>
                </Word>
                <Word id="tr_1_tl_27_w5" custom="readingOrder {index:4;}">
                    <Coords points="909,2426 909,2486 935,2486 935,2426 909,2426 909,2426 909,2426 909,2426 909,2426 909,2426 909,2426 909,2426 909,2426"/>
                    <TextEquiv>
                        <Unicode>ij</Unicode>
                    </TextEquiv>
                </Word>
                <Word id="tr_1_tl_27_w6" custom="readingOrder {index:5;}">
                    <Coords points="965,2426 965,2486 988,2486 988,2426 965,2426 965,2426 965,2426 965,2426 965,2426 965,2426 965,2426 965,2426 965,2426"/>
                    <TextEquiv>
                        <Unicode>is</Unicode>
                    </TextEquiv>
                </Word>
                <Word id="tr_1_tl_27_w7" custom="readingOrder {index:6;}">
                    <Coords points="1015,2429 1015,2489 1097,2489 1097,2429 1015,2429 1015,2429 1015,2429 1015,2429 1015,2429 1015,2429 1015,2429 1015,2429 1015,2429"/>
                    <TextEquiv>
                        <Unicode>heel</Unicode>
                    </TextEquiv>
                </Word>
                <Word id="tr_1_tl_27_w8" custom="readingOrder {index:7;}">
                    <Coords points="1122,2431 1122,2491 1175,2491 1175,2431 1122,2431 1122,2431 1122,2431 1122,2431 1122,2431 1122,2431 1122,2431 1122,2431 1122,2431"/>
                    <TextEquiv>
                        <Unicode>erg</Unicode>
                    </TextEquiv>
                </Word>
                <Word id="tr_1_tl_27_w9" custom="readingOrder {index:8;}">
                    <Coords points="1207,2429 1207,2489 1363,2489 1363,2429 1207,2429 1207,2429 1207,2429 1207,2429 1207,2429 1207,2429 1207,2429 1207,2429 1207,2429"/>
                    <TextEquiv>
                        <Unicode>geweest</Unicode>
                    </TextEquiv>
                </Word>
                <Word id="tr_1_tl_27_w10" custom="readingOrder {index:9;}">
                    <Coords points="1388,2429 1388,2489 1427,2489 1427,2429 1388,2429 1388,2429 1388,2429 1388,2429 1388,2429 1388,2429 1388,2429 1388,2429 1388,2429"/>
                    <TextEquiv>
                        <Unicode>en</Unicode>
                    </TextEquiv>
                </Word>
                <Word id="tr_1_tl_27_w11" custom="readingOrder {index:10;}">
                    <Coords points="1457,2429 1457,2489 1529,2489 1529,2429 1457,2429 1457,2429 1457,2429 1457,2429 1457,2429 1457,2429 1457,2429 1457,2429 1457,2429"/>
                    <TextEquiv>
                        <Unicode>nog</Unicode>
                    </TextEquiv>
                </Word>
                <Word id="tr_1_tl_27_w12" custom="readingOrder {index:11;}">
                    <Coords points="1561,2429 1561,2489 1677,2489 1677,2429 1561,2429 1561,2429 1561,2429 1561,2429 1561,2429 1561,2429 1561,2429 1561,2429 1561,2429"/>
                    <TextEquiv>
                        <Unicode>steeds</Unicode>
                    </TextEquiv>
                </Word>
                <Word id="tr_1_tl_27_w13" custom="readingOrder {index:12;}">
                    <Coords points="1704,2431 1704,2491 1802,2491 1802,2431 1704,2431 1704,2431 1704,2431 1704,2431 1704,2431 1704,2431 1704,2431 1704,2431 1704,2431"/>
                    <TextEquiv>
                        <Unicode>haalt</Unicode>
                    </TextEquiv>
                </Word>
                <Word id="tr_1_tl_27_w14" custom="readingOrder {index:13;}">
                    <Coords points="1830,2430 1830,2490 1909,2490 1909,2430 1830,2430 1830,2430 1830,2430 1830,2430 1830,2430 1830,2430 1830,2430 1830,2430 1830,2430"/>
                    <TextEquiv>
                        <Unicode>men</Unicode>
                    </TextEquiv>
                </Word>
                <Word id="tr_1_tl_27_w15" custom="readingOrder {index:14;}">
                    <Coords points="1944,2432 1944,2492 2060,2492 2060,2432 1944,2432 1944,2432 1944,2432 1944,2432 1944,2432 1944,2432 1944,2432 1944,2432 1944,2432"/>
                    <TextEquiv>
                        <Unicode>onder</Unicode>
                    </TextEquiv>
                </Word>
                <Word id="tr_1_tl_27_w16" custom="readingOrder {index:15;}">
                    <Coords points="2085,2432 2085,2492 2148,2492 2148,2432 2085,2432 2085,2432 2085,2432 2085,2432 2085,2432 2085,2432 2085,2432 2085,2432 2085,2432"/>
                    <TextEquiv>
                        <Unicode>het</Unicode>
                    </TextEquiv>
                </Word>
                <TextEquiv>
                    <Unicode>De overkant van het ij is heel erg geweest en nog steeds haalt men onder het</Unicode>
                </TextEquiv>
            </TextLine>
            <TextLine id="tr_1_tl_28" custom="readingOrder {index:6;} person {offset:27; length:9;}">
                <Coords points="445,2562 2150,2556 2150,2508 2017,2489 445,2508"/>
                <Baseline points="456,2537 540,2540 625,2540 710,2539 795,2539 880,2540 964,2540 1049,2540 1134,2540 1219,2543 1304,2540 1388,2542 1473,2543 1558,2543 1643,2543 1728,2543 1812,2542 1897,2543 1982,2543 2067,2543 2152,2543"/>
                <Word id="tr_1_tl_28_w1" custom="readingOrder {index:0;}">
                    <Coords points="448,2498 448,2558 537,2558 537,2498 448,2498 448,2498 448,2498 448,2498 448,2498 448,2498 448,2498 448,2498 448,2498"/>
                    <TextEquiv>
                        <Unicode>puin</Unicode>
                    </TextEquiv>
                </Word>
                <Word id="tr_1_tl_28_w2" custom="readingOrder {index:1;}">
                    <Coords points="567,2499 567,2559 794,2559 794,2499 567,2499 567,2499 567,2499 567,2499 567,2499 567,2499 567,2499 567,2499 567,2499"/>
                    <TextEquiv>
                        <Unicode>slachtofters</Unicode>
                    </TextEquiv>
                </Word>
                <Word id="tr_1_tl_28_w3" custom="readingOrder {index:2;}">
                    <Coords points="818,2500 818,2560 1002,2560 1002,2500 818,2500 818,2500 818,2500 818,2500 818,2500 818,2500 818,2500 818,2500 818,2500"/>
                    <TextEquiv>
                        <Unicode>vandaan.</Unicode>
                    </TextEquiv>
                </Word>
                <Word id="tr_1_tl_28_w4" custom="readingOrder {index:3;}">
                    <Coords points="1024,2500 1024,2560 1121,2560 1121,2500 1024,2500 1024,2500 1024,2500 1024,2500 1024,2500 1024,2500 1024,2500 1024,2500 1024,2500"/>
                    <TextEquiv>
                        <Unicode>Oma</Unicode>
                    </TextEquiv>
                </Word>
                <Word id="tr_1_tl_28_w5" custom="readingOrder {index:4;}">
                    <Coords points="1148,2502 1148,2562 1264,2562 1264,2502 1148,2502 1148,2502 1148,2502 1148,2502 1148,2502 1148,2502 1148,2502 1148,2502 1148,2502"/>
                    <TextEquiv>
                        <Unicode>Draak</Unicode>
                    </TextEquiv>
                </Word>
                <Word id="tr_1_tl_28_w6" custom="readingOrder {index:5;}">
                    <Coords points="1294,2500 1294,2560 1394,2560 1394,2500 1294,2500 1294,2500 1294,2500 1294,2500 1294,2500 1294,2500 1294,2500 1294,2500 1294,2500"/>
                    <TextEquiv>
                        <Unicode>heeft</Unicode>
                    </TextEquiv>
                </Word>
                <Word id="tr_1_tl_28_w7" custom="readingOrder {index:6;}">
                    <Coords points="1416,2502 1416,2562 1469,2562 1469,2502 1416,2502 1416,2502 1416,2502 1416,2502 1416,2502 1416,2502 1416,2502 1416,2502 1416,2502"/>
                    <TextEquiv>
                        <Unicode>me</Unicode>
                    </TextEquiv>
                </Word>
                <Word id="tr_1_tl_28_w8" custom="readingOrder {index:7;}">
                    <Coords points="1499,2503 1499,2563 1616,2563 1616,2503 1499,2503 1499,2503 1499,2503 1499,2503 1499,2503 1499,2503 1499,2503 1499,2503 1499,2503"/>
                    <TextEquiv>
                        <Unicode>gezien</Unicode>
                    </TextEquiv>
                </Word>
                <Word id="tr_1_tl_28_w9" custom="readingOrder {index:8;}">
                    <Coords points="1646,2502 1646,2562 1859,2562 1859,2502 1646,2502 1646,2502 1646,2502 1646,2502 1646,2502 1646,2502 1646,2502 1646,2502 1646,2502"/>
                    <TextEquiv>
                        <Unicode>vanavond,</Unicode>
                    </TextEquiv>
                </Word>
                <Word id="tr_1_tl_28_w10" custom="readingOrder {index:9;}">
                    <Coords points="1878,2503 1878,2563 1978,2563 1978,2503 1878,2503 1878,2503 1878,2503 1878,2503 1878,2503 1878,2503 1878,2503 1878,2503 1878,2503"/>
                    <TextEquiv>
                        <Unicode>want</Unicode>
                    </TextEquiv>
                </Word>
                <Word id="tr_1_tl_28_w11" custom="readingOrder {index:10;}">
                    <Coords points="2000,2503 2000,2563 2083,2563 2083,2503 2000,2503 2000,2503 2000,2503 2000,2503 2000,2503 2000,2503 2000,2503 2000,2503 2000,2503"/>
                    <TextEquiv>
                        <Unicode>daar</Unicode>
                    </TextEquiv>
                </Word>
                <Word id="tr_1_tl_28_w12" custom="readingOrder {index:11;}">
                    <Coords points="2105,2503 2105,2563 2140,2563 2140,2503 2105,2503 2105,2503 2105,2503 2105,2503 2105,2503 2105,2503 2105,2503 2105,2503 2105,2503"/>
                    <TextEquiv>
                        <Unicode>ga</Unicode>
                    </TextEquiv>
                </Word>
                <TextEquiv>
                    <Unicode>puin slachtoffers vandaan. Oma Draak heeft me gezien vanavond, want daar ga</Unicode>
                </TextEquiv>
            </TextLine>
            <TextLine id="tr_1_tl_29" custom="readingOrder {index:7;} person {offset:14; length:3;} person {offset:21; length:5;} place {offset:37; length:5;} person {offset:44; length:17;}">
                <Coords points="438,2624 2148,2644 2148,2583 1993,2560 438,2568"/>
                <Baseline points="450,2612 535,2609 620,2611 705,2612 790,2612 875,2612 960,2612 1045,2612 1130,2615 1215,2615 1301,2615 1386,2615 1471,2615 1556,2617 1641,2615 1726,2615 1811,2615 1896,2615 1981,2615 2066,2618 2152,2621"/>
                <Word id="tr_1_tl_29_w1" custom="readingOrder {index:0;}">
                    <Coords points="436,2571 436,2631 469,2631 469,2571 436,2571 436,2571 436,2571 436,2571 436,2571 436,2571 436,2571 436,2571 436,2571"/>
                    <TextEquiv>
                        <Unicode>ik</Unicode>
                    </TextEquiv>
                </Word>
                <Word id="tr_1_tl_29_w2" custom="readingOrder {index:1;}">
                    <Coords points="497,2570 497,2630 739,2630 739,2570 497,2570 497,2570 497,2570 497,2570 497,2570 497,2570 497,2570 497,2570 497,2570"/>
                    <TextEquiv>
                        <Unicode>weekenden.</Unicode>
                    </TextEquiv>
                </Word>
                <Word id="tr_1_tl_29_w3" custom="readingOrder {index:2;}">
                    <Coords points="759,2572 759,2632 837,2632 837,2572 759,2572 759,2572 759,2572 759,2572 759,2572 759,2572 759,2572 759,2572 759,2572"/>
                    <TextEquiv>
                        <Unicode>Cor</Unicode>
                    </TextEquiv>
                </Word>
                <Word id="tr_1_tl_29_w4" custom="readingOrder {index:3;}">
                    <Coords points="856,2572 856,2632 892,2632 892,2572 856,2572 856,2572 856,2572 856,2572 856,2572 856,2572 856,2572 856,2572 856,2572"/>
                    <TextEquiv>
                        <Unicode>en</Unicode>
                    </TextEquiv>
                </Word>
                <Word id="tr_1_tl_29_w5" custom="readingOrder {index:4;}">
                    <Coords points="920,2572 920,2632 1032,2632 1032,2572 920,2572 920,2572 920,2572 920,2572 920,2572 920,2572 920,2572 920,2572 920,2572"/>
                    <TextEquiv>
                        <Unicode>Greet</Unicode>
                    </TextEquiv>
                </Word>
                <Word id="tr_1_tl_29_w6" custom="readingOrder {index:5;}">
                    <Coords points="1051,2573 1051,2633 1135,2633 1135,2573 1051,2573 1051,2573 1051,2573 1051,2573 1051,2573 1051,2573 1051,2573 1051,2573 1051,2573"/>
                    <TextEquiv>
                        <Unicode>gaan</Unicode>
                    </TextEquiv>
                </Word>
                <Word id="tr_1_tl_29_w7" custom="readingOrder {index:6;}">
                    <Coords points="1160,2575 1160,2635 1246,2635 1246,2575 1160,2575 1160,2575 1160,2575 1160,2575 1160,2575 1160,2575 1160,2575 1160,2575 1160,2575"/>
                    <TextEquiv>
                        <Unicode>naar</Unicode>
                    </TextEquiv>
                </Word>
                <Word id="tr_1_tl_29_w8" custom="readingOrder {index:7;}">
                    <Coords points="1269,2575 1269,2635 1396,2635 1396,2575 1269,2575 1269,2575 1269,2575 1269,2575 1269,2575 1269,2575 1269,2575 1269,2575 1269,2575"/>
                    <TextEquiv>
                        <Unicode>Assen,</Unicode>
                    </TextEquiv>
                </Word>
                <Word id="tr_1_tl_29_w9" custom="readingOrder {index:8;}">
                    <Coords points="1416,2575 1416,2635 1527,2635 1527,2575 1416,2575 1416,2575 1416,2575 1416,2575 1416,2575 1416,2575 1416,2575 1416,2575 1416,2575"/>
                    <TextEquiv>
                        <Unicode>Greet</Unicode>
                    </TextEquiv>
                </Word>
                <Word id="tr_1_tl_29_w10" custom="readingOrder {index:9;}">
                    <Coords points="1544,2576 1544,2636 1631,2636 1631,2576 1544,2576 1544,2576 1544,2576 1544,2576 1544,2576 1544,2576 1544,2576 1544,2576 1544,2576"/>
                    <TextEquiv>
                        <Unicode>haar</Unicode>
                    </TextEquiv>
                </Word>
                <Word id="tr_1_tl_29_w11" custom="readingOrder {index:10;}">
                    <Coords points="1650,2575 1650,2635 1806,2635 1806,2575 1650,2575 1650,2575 1650,2575 1650,2575 1650,2575 1650,2575 1650,2575 1650,2575 1650,2575"/>
                    <TextEquiv>
                        <Unicode>moeder</Unicode>
                    </TextEquiv>
                </Word>
                <Word id="tr_1_tl_29_w12" custom="readingOrder {index:11;}">
                    <Coords points="1823,2575 1823,2635 1948,2635 1948,2575 1823,2575 1823,2575 1823,2575 1823,2575 1823,2575 1823,2575 1823,2575 1823,2575 1823,2575"/>
                    <TextEquiv>
                        <Unicode>halen.</Unicode>
                    </TextEquiv>
                </Word>
                <Word id="tr_1_tl_29_w13" custom="readingOrder {index:12;}">
                    <Coords points="1968,2575 1968,2635 2043,2635 2043,2575 1968,2575 1968,2575 1968,2575 1968,2575 1968,2575 1968,2575 1968,2575 1968,2575 1968,2575"/>
                    <TextEquiv>
                        <Unicode>Het</Unicode>
                    </TextEquiv>
                </Word>
                <Word id="tr_1_tl_29_w14" custom="readingOrder {index:13;}">
                    <Coords points="2063,2579 2063,2639 2137,2639 2137,2579 2063,2579 2063,2579 2063,2579 2063,2579 2063,2579 2063,2579 2063,2579 2063,2579 2063,2579"/>
                    <TextEquiv>
                        <Unicode>ging</Unicode>
                    </TextEquiv>
                </Word>
                <TextEquiv>
                    <Unicode>ik weekenden. Cor en Greet gaan naar Assen, Greet haar moeder halen. Het ging</Unicode>
                </TextEquiv>
            </TextLine>
            <TextLine id="tr_1_tl_30" custom="readingOrder {index:8;}">
                <Coords points="436,2693 1531,2702 1531,2652 1443,2637 1233,2665 436,2641"/>
                <Baseline points="447,2686 501,2684 556,2686 610,2686 665,2689 719,2686 774,2686 828,2686 883,2686 937,2686 992,2686 1046,2686 1101,2686 1155,2686 1210,2689 1264,2689 1319,2689 1373,2689 1428,2689 1482,2689 1537,2686"/>
                <Word id="tr_1_tl_30_w1" custom="readingOrder {index:0;}">
                    <Coords points="437,2644 437,2704 523,2704 523,2644 437,2644 437,2644 437,2644 437,2644 437,2644 437,2644 437,2644 437,2644 437,2644"/>
                    <TextEquiv>
                        <Unicode>heel</Unicode>
                    </TextEquiv>
                </Word>
                <Word id="tr_1_tl_30_w2" custom="readingOrder {index:1;}">
                    <Coords points="543,2646 543,2706 652,2706 652,2646 543,2646 543,2646 543,2646 543,2646 543,2646 543,2646 543,2646 543,2646 543,2646"/>
                    <TextEquiv>
                        <Unicode>goed.</Unicode>
                    </TextEquiv>
                </Word>
                <Word id="tr_1_tl_30_w3" custom="readingOrder {index:2;}">
                    <Coords points="672,2647 672,2707 719,2707 719,2647 672,2647 672,2647 672,2647 672,2647 672,2647 672,2647 672,2647 672,2647 672,2647"/>
                    <TextEquiv>
                        <Unicode>Le</Unicode>
                    </TextEquiv>
                </Word>
                <Word id="tr_1_tl_30_w4" custom="readingOrder {index:3;}">
                    <Coords points="742,2646 742,2706 842,2706 842,2646 742,2646 742,2646 742,2646 742,2646 742,2646 742,2646 742,2646 742,2646 742,2646"/>
                    <TextEquiv>
                        <Unicode>heeft</Unicode>
                    </TextEquiv>
                </Word>
                <Word id="tr_1_tl_30_w5" custom="readingOrder {index:4;}">
                    <Coords points="865,2646 865,2706 918,2706 918,2646 865,2646 865,2646 865,2646 865,2646 865,2646 865,2646 865,2646 865,2646 865,2646"/>
                    <TextEquiv>
                        <Unicode>me</Unicode>
                    </TextEquiv>
                </Word>
                <Word id="tr_1_tl_30_w6" custom="readingOrder {index:5;}">
                    <Coords points="946,2646 946,2706 1008,2706 1008,2646 946,2646 946,2646 946,2646 946,2646 946,2646 946,2646 946,2646 946,2646 946,2646"/>
                    <TextEquiv>
                        <Unicode>ook</Unicode>
                    </TextEquiv>
                </Word>
                <Word id="tr_1_tl_30_w7" custom="readingOrder {index:6;}">
                    <Coords points="1039,2646 1039,2706 1097,2706 1097,2646 1039,2646 1039,2646 1039,2646 1039,2646 1039,2646 1039,2646 1039,2646 1039,2646 1039,2646"/>
                    <TextEquiv>
                        <Unicode>een</Unicode>
                    </TextEquiv>
                </Word>
                <Word id="tr_1_tl_30_w8" custom="readingOrder {index:7;}">
                    <Coords points="1126,2646 1126,2706 1215,2706 1215,2646 1126,2646 1126,2646 1126,2646 1126,2646 1126,2646 1126,2646 1126,2646 1126,2646 1126,2646"/>
                    <TextEquiv>
                        <Unicode>huier</Unicode>
                    </TextEquiv>
                </Word>
                <Word id="tr_1_tl_30_w9" custom="readingOrder {index:8;}">
                    <Coords points="1238,2649 1238,2709 1352,2709 1352,2649 1238,2649 1238,2649 1238,2649 1238,2649 1238,2649 1238,2649 1238,2649 1238,2649 1238,2649"/>
                    <TextEquiv>
                        <Unicode>onder</Unicode>
                    </TextEquiv>
                </Word>
                <Word id="tr_1_tl_30_w10" custom="readingOrder {index:9;}">
                    <Coords points="1375,2649 1375,2709 1531,2709 1531,2649 1375,2649 1375,2649 1375,2649 1375,2649 1375,2649 1375,2649 1375,2649 1375,2649 1375,2649"/>
                    <TextEquiv>
                        <Unicode>gedaan.</Unicode>
                    </TextEquiv>
                </Word>
                <TextEquiv>
                    <Unicode>heel goed. Ze heeft me ook een luier onder gedaan.</Unicode>
                </TextEquiv>
            </TextLine>
            <TextEquiv>
                <Unicode></Unicode>
            </TextEquiv>
        </TextRegion>
        <TextRegion id="r_5727" custom="readingOrder {index:7;} structure {type:heading;}">
            <Coords points="438,2746 438,2864 2161,2864 2161,2746"/>
            <TextLine id="tr_1_tl_31" custom="readingOrder {index:0;} date {offset:0; length:12;}">
                <Coords points="438,2845 485,2843 507,2860 535,2843 835,2843 911,2860 911,2802 874,2785 595,2796 576,2777 556,2796 528,2785 438,2796"/>
                <Baseline points="450,2836 475,2833 501,2835 527,2836 553,2836 579,2836 605,2836 631,2836 657,2836 683,2836 708,2835 734,2833 760,2835 786,2836 812,2834 838,2834 864,2836 890,2833 916,2830"/>
                <Word id="tr_1_tl_31_w1" custom="readingOrder {index:0;}">
                    <Coords points="442,2794 442,2854 480,2854 480,2794 442,2794 442,2794 442,2794 442,2794 442,2794 442,2794 442,2794 442,2794 442,2794 442,2794"/>
                    <TextEquiv>
                        <Unicode>22</Unicode>
                    </TextEquiv>
                </Word>
                <Word id="tr_1_tl_31_w2" custom="readingOrder {index:1;}">
                    <Coords points="504,2796 504,2856 569,2856 569,2796 504,2796 504,2796 504,2796 504,2796 504,2796 504,2796 504,2796 504,2796 504,2796 504,2796"/>
                    <TextEquiv>
                        <Unicode>juli</Unicode>
                    </TextEquiv>
                </Word>
                <Word id="tr_1_tl_31_w3" custom="readingOrder {index:2;}">
                    <Coords points="590,2796 590,2856 672,2856 672,2796 590,2796 590,2796 590,2796 590,2796 590,2796 590,2796 590,2796 590,2796 590,2796 590,2796"/>
                    <TextEquiv>
                        <Unicode>1943</Unicode>
                    </TextEquiv>
                </Word>
                <Word id="tr_1_tl_31_w4" custom="readingOrder {index:3;}">
                    <Coords points="699,2795 699,2855 899,2855 899,2795 699,2795 699,2795 699,2795 699,2795 699,2795 699,2795 699,2795 699,2795 699,2795 699,2795"/>
                    <TextEquiv>
                        <Unicode>donderdag</Unicode>
                    </TextEquiv>
                </Word>
                <TextEquiv>
                    <Unicode>22 juli 1943 donderdag</Unicode>
                </TextEquiv>
            </TextLine>
            <TextEquiv>
                <Unicode></Unicode>
            </TextEquiv>
        </TextRegion>
        <TextRegion id="r_5893" custom="readingOrder {index:8;} structure {type:paragraph;}">
            <Coords points="438,2864 438,3182 2161,3182 2161,2864"/>
            <TextLine id="tr_1_tl_32" custom="readingOrder {index:0;} atm_food {offset:62; length:8;}">
                <Coords points="438,2912 2148,2933 2148,2858 438,2867"/>
                <Baseline points="450,2901 535,2901 620,2903 705,2903 790,2904 875,2907 960,2907 1045,2907 1130,2907 1215,2907 1301,2907 1386,2904 1471,2904 1556,2904 1641,2907 1726,2904 1811,2904 1896,2905 1981,2906 2066,2907 2152,2907"/>
                <Word id="tr_1_tl_32_w1" custom="readingOrder {index:0;}">
                    <Coords points="436,2861 436,2921 472,2921 472,2861 436,2861 436,2861 436,2861 436,2861 436,2861 436,2861 436,2861 436,2861 436,2861 436,2861 436,2861"/>
                    <TextEquiv>
                        <Unicode>Ik</Unicode>
                    </TextEquiv>
                </Word>
                <Word id="tr_1_tl_32_w2" custom="readingOrder {index:1;}">
                    <Coords points="499,2861 499,2921 564,2921 564,2861 499,2861 499,2861 499,2861 499,2861 499,2861 499,2861 499,2861 499,2861 499,2861 499,2861 499,2861"/>
                    <TextEquiv>
                        <Unicode>heb</Unicode>
                    </TextEquiv>
                </Word>
                <Word id="tr_1_tl_32_w3" custom="readingOrder {index:2;}">
                    <Coords points="594,2863 594,2923 739,2923 739,2863 594,2863 594,2863 594,2863 594,2863 594,2863 594,2863 594,2863 594,2863 594,2863 594,2863 594,2863"/>
                    <TextEquiv>
                        <Unicode>heerlijk</Unicode>
                    </TextEquiv>
                </Word>
                <Word id="tr_1_tl_32_w4" custom="readingOrder {index:3;}">
                    <Coords points="766,2863 766,2923 796,2923 796,2863 766,2863 766,2863 766,2863 766,2863 766,2863 766,2863 766,2863 766,2863 766,2863 766,2863 766,2863"/>
                    <TextEquiv>
                        <Unicode>in</Unicode>
                    </TextEquiv>
                </Word>
                <Word id="tr_1_tl_32_w5" custom="readingOrder {index:4;}">
                    <Coords points="826,2865 826,2925 864,2925 864,2865 826,2865 826,2865 826,2865 826,2865 826,2865 826,2865 826,2865 826,2865 826,2865 826,2865 826,2865"/>
                    <TextEquiv>
                        <Unicode>de</Unicode>
                    </TextEquiv>
                </Word>
                <Word id="tr_1_tl_32_w6" custom="readingOrder {index:5;}">
                    <Coords points="888,2867 888,2927 956,2927 956,2867 888,2867 888,2867 888,2867 888,2867 888,2867 888,2867 888,2867 888,2867 888,2867 888,2867 888,2867"/>
                    <TextEquiv>
                        <Unicode>bor</Unicode>
                    </TextEquiv>
                </Word>
                <Word id="tr_1_tl_32_w7" custom="readingOrder {index:6;}">
                    <Coords points="983,2867 983,2927 1009,2927 1009,2867 983,2867 983,2867 983,2867 983,2867 983,2867 983,2867 983,2867 983,2867 983,2867 983,2867 983,2867"/>
                    <TextEquiv>
                        <Unicode>in</Unicode>
                    </TextEquiv>
                </Word>
                <Word id="tr_1_tl_32_w8" custom="readingOrder {index:7;}">
                    <Coords points="1040,2867 1040,2927 1081,2927 1081,2867 1040,2867 1040,2867 1040,2867 1040,2867 1040,2867 1040,2867 1040,2867 1040,2867 1040,2867 1040,2867 1040,2867"/>
                    <TextEquiv>
                        <Unicode>de</Unicode>
                    </TextEquiv>
                </Word>
                <Word id="tr_1_tl_32_w9" custom="readingOrder {index:8;}">
                    <Coords points="1105,2867 1105,2927 1179,2927 1179,2867 1105,2867 1105,2867 1105,2867 1105,2867 1105,2867 1105,2867 1105,2867 1105,2867 1105,2867 1105,2867 1105,2867"/>
                    <TextEquiv>
                        <Unicode>tuin</Unicode>
                    </TextEquiv>
                </Word>
                <Word id="tr_1_tl_32_w10" custom="readingOrder {index:9;}">
                    <Coords points="1206,2867 1206,2927 1372,2927 1372,2867 1206,2867 1206,2867 1206,2867 1206,2867 1206,2867 1206,2867 1206,2867 1206,2867 1206,2867 1206,2867 1206,2867"/>
                    <TextEquiv>
                        <Unicode>gelegen.</Unicode>
                    </TextEquiv>
                </Word>
                <Word id="tr_1_tl_32_w11" custom="readingOrder {index:10;}">
                    <Coords points="1391,2864 1391,2924 1423,2924 1423,2864 1391,2864 1391,2864 1391,2864 1391,2864 1391,2864 1391,2864 1391,2864 1391,2864 1391,2864 1391,2864 1391,2864"/>
                    <TextEquiv>
                        <Unicode>Ik</Unicode>
                    </TextEquiv>
                </Word>
                <Word id="tr_1_tl_32_w12" custom="readingOrder {index:11;}">
                    <Coords points="1453,2864 1453,2924 1515,2924 1515,2864 1453,2864 1453,2864 1453,2864 1453,2864 1453,2864 1453,2864 1453,2864 1453,2864 1453,2864 1453,2864 1453,2864"/>
                    <TextEquiv>
                        <Unicode>heb</Unicode>
                    </TextEquiv>
                </Word>
                <Word id="tr_1_tl_32_w13" custom="readingOrder {index:12;}">
                    <Coords points="1545,2866 1545,2926 1690,2926 1690,2866 1545,2866 1545,2866 1545,2866 1545,2866 1545,2866 1545,2866 1545,2866 1545,2866 1545,2866 1545,2866 1545,2866"/>
                    <TextEquiv>
                        <Unicode>heerlijk</Unicode>
                    </TextEquiv>
                </Word>
                <Word id="tr_1_tl_32_w14" custom="readingOrder {index:13;}">
                    <Coords points="1723,2864 1723,2924 1869,2924 1869,2864 1723,2864 1723,2864 1723,2864 1723,2864 1723,2864 1723,2864 1723,2864 1723,2864 1723,2864 1723,2864 1723,2864"/>
                    <TextEquiv>
                        <Unicode>druitjes</Unicode>
                    </TextEquiv>
                </Word>
                <Word id="tr_1_tl_32_w15" custom="readingOrder {index:14;}">
                    <Coords points="1893,2865 1893,2925 2011,2925 2011,2865 1893,2865 1893,2865 1893,2865 1893,2865 1893,2865 1893,2865 1893,2865 1893,2865 1893,2865 1893,2865 1893,2865"/>
                    <TextEquiv>
                        <Unicode>gehad</Unicode>
                    </TextEquiv>
                </Word>
                <Word id="tr_1_tl_32_w16" custom="readingOrder {index:15;}">
                    <Coords points="2032,2866 2032,2926 2068,2926 2068,2866 2032,2866 2032,2866 2032,2866 2032,2866 2032,2866 2032,2866 2032,2866 2032,2866 2032,2866 2032,2866 2032,2866"/>
                    <TextEquiv>
                        <Unicode>en</Unicode>
                    </TextEquiv>
                </Word>
                <Word id="tr_1_tl_32_w17" custom="readingOrder {index:16;}">
                    <Coords points="2095,2867 2095,2927 2145,2927 2145,2867 2095,2867 2095,2867 2095,2867 2095,2867 2095,2867 2095,2867 2095,2867 2095,2867 2095,2867 2095,2867 2095,2867"/>
                    <TextEquiv>
                        <Unicode>bij</Unicode>
                    </TextEquiv>
                </Word>
                <TextEquiv>
                    <Unicode>Ik heb heerlijk in de box in de tuin gelegen. Ik heb heerlijk druifjes gehad en bij</Unicode>
                </TextEquiv>
            </TextLine>
            <TextLine id="tr_1_tl_33" custom="readingOrder {index:1;} atm_food {offset:16; length:9;}">
                <Coords points="436,2983 1576,2989 1576,2929 913,2927 797,2961 436,2933"/>
                <Baseline points="447,2976 503,2974 560,2976 617,2976 674,2976 730,2976 787,2978 844,2979 901,2979 957,2978 1014,2976 1071,2976 1128,2976 1184,2976 1241,2976 1298,2976 1355,2976 1411,2974 1468,2975 1525,2979 1582,2979"/>
                <Word id="tr_1_tl_33_w1" custom="readingOrder {index:0;}">
                    <Coords points="436,2935 436,2995 504,2995 504,2935 436,2935 436,2935 436,2935 436,2935 436,2935 436,2935 436,2935 436,2935 436,2935 436,2935 436,2935"/>
                    <TextEquiv>
                        <Unicode>het</Unicode>
                    </TextEquiv>
                </Word>
                <Word id="tr_1_tl_33_w2" custom="readingOrder {index:1;}">
                    <Coords points="524,2936 524,2996 783,2996 783,2936 524,2936 524,2936 524,2936 524,2936 524,2936 524,2936 524,2936 524,2936 524,2936 524,2936 524,2936"/>
                    <TextEquiv>
                        <Unicode>middageten,</Unicode>
                    </TextEquiv>
                </Word>
                <Word id="tr_1_tl_33_w3" custom="readingOrder {index:2;}">
                    <Coords points="806,2938 806,2998 1022,2998 1022,2938 806,2938 806,2938 806,2938 806,2938 806,2938 806,2938 806,2938 806,2938 806,2938 806,2938 806,2938"/>
                    <TextEquiv>
                        <Unicode>appelmoes</Unicode>
                    </TextEquiv>
                </Word>
                <Word id="tr_1_tl_33_w4" custom="readingOrder {index:3;}">
                    <Coords points="1044,2936 1044,2996 1112,2996 1112,2936 1044,2936 1044,2936 1044,2936 1044,2936 1044,2936 1044,2936 1044,2936 1044,2936 1044,2936 1044,2936 1044,2936"/>
                    <TextEquiv>
                        <Unicode>wat</Unicode>
                    </TextEquiv>
                </Word>
                <Word id="tr_1_tl_33_w5" custom="readingOrder {index:4;}">
                    <Coords points="1134,2936 1134,2996 1158,2996 1158,2936 1134,2936 1134,2936 1134,2936 1134,2936 1134,2936 1134,2936 1134,2936 1134,2936 1134,2936 1134,2936 1134,2936"/>
                    <TextEquiv>
                        <Unicode>ik</Unicode>
                    </TextEquiv>
                </Word>
                <Word id="tr_1_tl_33_w6" custom="readingOrder {index:5;}">
                    <Coords points="1189,2936 1189,2996 1432,2996 1432,2936 1189,2936 1189,2936 1189,2936 1189,2936 1189,2936 1189,2936 1189,2936 1189,2936 1189,2936 1189,2936 1189,2936"/>
                    <TextEquiv>
                        <Unicode>verrukkelijk</Unicode>
                    </TextEquiv>
                </Word>
                <Word id="tr_1_tl_33_w7" custom="readingOrder {index:6;}">
                    <Coords points="1457,2938 1457,2998 1574,2998 1574,2938 1457,2938 1457,2938 1457,2938 1457,2938 1457,2938 1457,2938 1457,2938 1457,2938 1457,2938 1457,2938 1457,2938"/>
                    <TextEquiv>
                        <Unicode>vond.</Unicode>
                    </TextEquiv>
                </Word>
                <TextEquiv>
                    <Unicode>het middageten, appelmoes wat ik verrukkelijk vond.</Unicode>
                </TextEquiv>
            </TextLine>
            <TextLine id="tr_1_tl_34" custom="readingOrder {index:2;}">
                <Coords points="436,3058 2148,3060 2148,3024 2006,3000 436,3006"/>
                <Baseline points="447,3045 532,3048 617,3050 702,3048 788,3049 873,3051 958,3049 1043,3051 1129,3051 1214,3054 1299,3051 1384,3051 1470,3051 1555,3051 1640,3054 1725,3054 1811,3054 1896,3054 1981,3054 2066,3051 2152,3051"/>
                <Word id="tr_1_tl_34_w1" custom="readingOrder {index:0;}">
                    <Coords points="434,3005 434,3065 470,3065 470,3005 434,3005 434,3005 434,3005 434,3005 434,3005 434,3005 434,3005 434,3005 434,3005 434,3005 434,3005"/>
                    <TextEquiv>
                        <Unicode>lk</Unicode>
                    </TextEquiv>
                </Word>
                <Word id="tr_1_tl_34_w2" custom="readingOrder {index:1;}">
                    <Coords points="498,3007 498,3067 559,3067 559,3007 498,3007 498,3007 498,3007 498,3007 498,3007 498,3007 498,3007 498,3007 498,3007 498,3007 498,3007"/>
                    <TextEquiv>
                        <Unicode>heb</Unicode>
                    </TextEquiv>
                </Word>
                <Word id="tr_1_tl_34_w3" custom="readingOrder {index:2;}">
                    <Coords points="590,3009 590,3069 665,3069 665,3009 590,3009 590,3009 590,3009 590,3009 590,3009 590,3009 590,3009 590,3009 590,3009 590,3009 590,3009"/>
                    <TextEquiv>
                        <Unicode>met</Unicode>
                    </TextEquiv>
                </Word>
                <Word id="tr_1_tl_34_w4" custom="readingOrder {index:3;}">
                    <Coords points="682,3008 682,3068 770,3068 770,3008 682,3008 682,3008 682,3008 682,3008 682,3008 682,3008 682,3008 682,3008 682,3008 682,3008 682,3008"/>
                    <TextEquiv>
                        <Unicode>mijn</Unicode>
                    </TextEquiv>
                </Word>
                <Word id="tr_1_tl_34_w5" custom="readingOrder {index:4;}">
                    <Coords points="796,3010 796,3070 893,3070 893,3010 796,3010 796,3010 796,3010 796,3010 796,3010 796,3010 796,3010 796,3010 796,3010 796,3010 796,3010"/>
                    <TextEquiv>
                        <Unicode>blote</Unicode>
                    </TextEquiv>
                </Word>
                <Word id="tr_1_tl_34_w6" custom="readingOrder {index:5;}">
                    <Coords points="918,3009 918,3069 1040,3069 1040,3009 918,3009 918,3009 918,3009 918,3009 918,3009 918,3009 918,3009 918,3009 918,3009 918,3009 918,3009"/>
                    <TextEquiv>
                        <Unicode>buikje</Unicode>
                    </TextEquiv>
                </Word>
                <Word id="tr_1_tl_34_w7" custom="readingOrder {index:6;}">
                    <Coords points="1063,3011 1063,3071 1093,3071 1093,3011 1063,3011 1063,3011 1063,3011 1063,3011 1063,3011 1063,3011 1063,3011 1063,3011 1063,3011 1063,3011 1063,3011"/>
                    <TextEquiv>
                        <Unicode>in</Unicode>
                    </TextEquiv>
                </Word>
                <Word id="tr_1_tl_34_w8" custom="readingOrder {index:7;}">
                    <Coords points="1122,3011 1122,3071 1160,3071 1160,3011 1122,3011 1122,3011 1122,3011 1122,3011 1122,3011 1122,3011 1122,3011 1122,3011 1122,3011 1122,3011 1122,3011"/>
                    <TextEquiv>
                        <Unicode>de</Unicode>
                    </TextEquiv>
                </Word>
                <Word id="tr_1_tl_34_w9" custom="readingOrder {index:8;}">
                    <Coords points="1183,3013 1183,3073 1244,3073 1244,3013 1183,3013 1183,3013 1183,3013 1183,3013 1183,3013 1183,3013 1183,3013 1183,3013 1183,3013 1183,3013 1183,3013"/>
                    <TextEquiv>
                        <Unicode>zon</Unicode>
                    </TextEquiv>
                </Word>
                <Word id="tr_1_tl_34_w10" custom="readingOrder {index:9;}">
                    <Coords points="1272,3011 1272,3071 1416,3071 1416,3011 1272,3011 1272,3011 1272,3011 1272,3011 1272,3011 1272,3011 1272,3011 1272,3011 1272,3011 1272,3011 1272,3011"/>
                    <TextEquiv>
                        <Unicode>gelegen</Unicode>
                    </TextEquiv>
                </Word>
                <Word id="tr_1_tl_34_w11" custom="readingOrder {index:10;}">
                    <Coords points="1444,3011 1444,3071 1480,3071 1480,3011 1444,3011 1444,3011 1444,3011 1444,3011 1444,3011 1444,3011 1444,3011 1444,3011 1444,3011 1444,3011 1444,3011"/>
                    <TextEquiv>
                        <Unicode>en</Unicode>
                    </TextEquiv>
                </Word>
                <Word id="tr_1_tl_34_w12" custom="readingOrder {index:11;}">
                    <Coords points="1506,3011 1506,3071 1533,3071 1533,3011 1506,3011 1506,3011 1506,3011 1506,3011 1506,3011 1506,3011 1506,3011 1506,3011 1506,3011 1506,3011 1506,3011"/>
                    <TextEquiv>
                        <Unicode>ik</Unicode>
                    </TextEquiv>
                </Word>
                <Word id="tr_1_tl_34_w13" custom="readingOrder {index:12;}">
                    <Coords points="1559,3012 1559,3072 1628,3072 1628,3012 1559,3012 1559,3012 1559,3012 1559,3012 1559,3012 1559,3012 1559,3012 1559,3012 1559,3012 1559,3012 1559,3012"/>
                    <TextEquiv>
                        <Unicode>kon</Unicode>
                    </TextEquiv>
                </Word>
                <Word id="tr_1_tl_34_w14" custom="readingOrder {index:13;}">
                    <Coords points="1656,3014 1656,3074 1742,3074 1742,3014 1656,3014 1656,3014 1656,3014 1656,3014 1656,3014 1656,3014 1656,3014 1656,3014 1656,3014 1656,3014 1656,3014"/>
                    <TextEquiv>
                        <Unicode>naar</Unicode>
                    </TextEquiv>
                </Word>
                <Word id="tr_1_tl_34_w15" custom="readingOrder {index:14;}">
                    <Coords points="1762,3014 1762,3074 1823,3074 1823,3014 1762,3014 1762,3014 1762,3014 1762,3014 1762,3014 1762,3014 1762,3014 1762,3014 1762,3014 1762,3014 1762,3014"/>
                    <TextEquiv>
                        <Unicode>alle</Unicode>
                    </TextEquiv>
                </Word>
                <Word id="tr_1_tl_34_w16" custom="readingOrder {index:15;}">
                    <Coords points="1845,3014 1845,3074 1979,3074 1979,3014 1845,3014 1845,3014 1845,3014 1845,3014 1845,3014 1845,3014 1845,3014 1845,3014 1845,3014 1845,3014 1845,3014"/>
                    <TextEquiv>
                        <Unicode>kanten</Unicode>
                    </TextEquiv>
                </Word>
                <Word id="tr_1_tl_34_w17" custom="readingOrder {index:16;}">
                    <Coords points="2004,3011 2004,3071 2146,3071 2146,3011 2004,3011 2004,3011 2004,3011 2004,3011 2004,3011 2004,3011 2004,3011 2004,3011 2004,3011 2004,3011 2004,3011"/>
                    <TextEquiv>
                        <Unicode>kijken.</Unicode>
                    </TextEquiv>
                </Word>
                <TextEquiv>
                    <Unicode>lk heb met mijn blote buikje in de zon gelegen en ik kon naar alle kanten kijken.</Unicode>
                </TextEquiv>
            </TextLine>
            <TextLine id="tr_1_tl_35" custom="readingOrder {index:3;}">
                <Coords points="425,3125 2152,3133 2126,3073 1774,3075 1739,3110 1666,3073 425,3088"/>
                <Baseline points="438,3122 523,3122 609,3124 695,3124 781,3122 867,3124 953,3122 1038,3124 1124,3122 1210,3125 1296,3122 1382,3125 1468,3125 1554,3125 1639,3125 1725,3125 1811,3125 1897,3125 1983,3125 2069,3124 2155,3128"/>
                <Word id="tr_1_tl_35_w1" custom="readingOrder {index:0;}">
                    <Coords points="425,3082 425,3142 484,3142 484,3082 425,3082 425,3082 425,3082 425,3082 425,3082 425,3082 425,3082 425,3082 425,3082 425,3082 425,3082"/>
                    <TextEquiv>
                        <Unicode>De</Unicode>
                    </TextEquiv>
                </Word>
                <Word id="tr_1_tl_35_w2" custom="readingOrder {index:1;}">
                    <Coords points="511,3082 511,3142 585,3142 585,3082 511,3082 511,3082 511,3082 511,3082 511,3082 511,3082 511,3082 511,3082 511,3082 511,3082 511,3082"/>
                    <TextEquiv>
                        <Unicode>tuin</Unicode>
                    </TextEquiv>
                </Word>
                <Word id="tr_1_tl_35_w3" custom="readingOrder {index:2;}">
                    <Coords points="620,3084 620,3144 711,3144 711,3084 620,3084 620,3084 620,3084 620,3084 620,3084 620,3084 620,3084 620,3084 620,3084 620,3084 620,3084"/>
                    <TextEquiv>
                        <Unicode>staat</Unicode>
                    </TextEquiv>
                </Word>
                <Word id="tr_1_tl_35_w4" custom="readingOrder {index:3;}">
                    <Coords points="735,3082 735,3142 796,3142 796,3082 735,3082 735,3082 735,3082 735,3082 735,3082 735,3082 735,3082 735,3082 735,3082 735,3082 735,3082"/>
                    <TextEquiv>
                        <Unicode>vol</Unicode>
                    </TextEquiv>
                </Word>
                <Word id="tr_1_tl_35_w5" custom="readingOrder {index:4;}">
                    <Coords points="821,3083 821,3143 896,3143 896,3083 821,3083 821,3083 821,3083 821,3083 821,3083 821,3083 821,3083 821,3083 821,3083 821,3083 821,3083"/>
                    <TextEquiv>
                        <Unicode>met</Unicode>
                    </TextEquiv>
                </Word>
                <Word id="tr_1_tl_35_w6" custom="readingOrder {index:5;}">
                    <Coords points="920,3083 920,3143 1094,3143 1094,3083 920,3083 920,3083 920,3083 920,3083 920,3083 920,3083 920,3083 920,3083 920,3083 920,3083 920,3083"/>
                    <TextEquiv>
                        <Unicode>bloemen</Unicode>
                    </TextEquiv>
                </Word>
                <Word id="tr_1_tl_35_w7" custom="readingOrder {index:6;}">
                    <Coords points="1126,3082 1126,3142 1166,3142 1166,3082 1126,3082 1126,3082 1126,3082 1126,3082 1126,3082 1126,3082 1126,3082 1126,3082 1126,3082 1126,3082 1126,3082"/>
                    <TextEquiv>
                        <Unicode>en</Unicode>
                    </TextEquiv>
                </Word>
                <Word id="tr_1_tl_35_w8" custom="readingOrder {index:7;}">
                    <Coords points="1195,3084 1195,3144 1251,3144 1251,3084 1195,3084 1195,3084 1195,3084 1195,3084 1195,3084 1195,3084 1195,3084 1195,3084 1195,3084 1195,3084 1195,3084"/>
                    <TextEquiv>
                        <Unicode>die</Unicode>
                    </TextEquiv>
                </Word>
                <Word id="tr_1_tl_35_w9" custom="readingOrder {index:8;}">
                    <Coords points="1278,3082 1278,3142 1348,3142 1348,3082 1278,3082 1278,3082 1278,3082 1278,3082 1278,3082 1278,3082 1278,3082 1278,3082 1278,3082 1278,3082 1278,3082"/>
                    <TextEquiv>
                        <Unicode>kon</Unicode>
                    </TextEquiv>
                </Word>
                <Word id="tr_1_tl_35_w10" custom="readingOrder {index:9;}">
                    <Coords points="1380,3085 1380,3145 1409,3145 1409,3085 1380,3085 1380,3085 1380,3085 1380,3085 1380,3085 1380,3085 1380,3085 1380,3085 1380,3085 1380,3085 1380,3085"/>
                    <TextEquiv>
                        <Unicode>ik</Unicode>
                    </TextEquiv>
                </Word>
                <Word id="tr_1_tl_35_w11" custom="readingOrder {index:10;}">
                    <Coords points="1442,3085 1442,3145 1612,3145 1612,3085 1442,3085 1442,3085 1442,3085 1442,3085 1442,3085 1442,3085 1442,3085 1442,3085 1442,3085 1442,3085 1442,3085"/>
                    <TextEquiv>
                        <Unicode>allemaal</Unicode>
                    </TextEquiv>
                </Word>
                <Word id="tr_1_tl_35_w12" custom="readingOrder {index:11;}">
                    <Coords points="1634,3085 1634,3145 1730,3145 1730,3085 1634,3085 1634,3085 1634,3085 1634,3085 1634,3085 1634,3085 1634,3085 1634,3085 1634,3085 1634,3085 1634,3085"/>
                    <TextEquiv>
                        <Unicode>zien.</Unicode>
                    </TextEquiv>
                </Word>
                <Word id="tr_1_tl_35_w13" custom="readingOrder {index:12;}">
                    <Coords points="1757,3085 1757,3145 1800,3145 1800,3085 1757,3085 1757,3085 1757,3085 1757,3085 1757,3085 1757,3085 1757,3085 1757,3085 1757,3085 1757,3085 1757,3085"/>
                    <TextEquiv>
                        <Unicode>At</Unicode>
                    </TextEquiv>
                </Word>
                <Word id="tr_1_tl_35_w14" custom="readingOrder {index:13;}">
                    <Coords points="1824,3085 1824,3145 1864,3145 1864,3085 1824,3085 1824,3085 1824,3085 1824,3085 1824,3085 1824,3085 1824,3085 1824,3085 1824,3085 1824,3085 1824,3085"/>
                    <TextEquiv>
                        <Unicode>en</Unicode>
                    </TextEquiv>
                </Word>
                <Word id="tr_1_tl_35_w15" custom="readingOrder {index:14;}">
                    <Coords points="1894,3085 1894,3145 1952,3145 1952,3085 1894,3085 1894,3085 1894,3085 1894,3085 1894,3085 1894,3085 1894,3085 1894,3085 1894,3085 1894,3085 1894,3085"/>
                    <TextEquiv>
                        <Unicode>toe</Unicode>
                    </TextEquiv>
                </Word>
                <Word id="tr_1_tl_35_w16" custom="readingOrder {index:15;}">
                    <Coords points="1979,3084 1979,3144 2081,3144 2081,3084 1979,3084 1979,3084 1979,3084 1979,3084 1979,3084 1979,3084 1979,3084 1979,3084 1979,3084 1979,3084 1979,3084"/>
                    <TextEquiv>
                        <Unicode>kreeg</Unicode>
                    </TextEquiv>
                </Word>
                <Word id="tr_1_tl_35_w17" custom="readingOrder {index:16;}">
                    <Coords points="2113,3086 2113,3146 2139,3146 2139,3086 2113,3086 2113,3086 2113,3086 2113,3086 2113,3086 2113,3086 2113,3086 2113,3086 2113,3086 2113,3086 2113,3086"/>
                    <TextEquiv>
                        <Unicode>ik</Unicode>
                    </TextEquiv>
                </Word>
                <TextEquiv>
                    <Unicode>De tuin staat vol met bloemen en die kon ik allemaal zien. Af en toe kreeg ik</Unicode>
                </TextEquiv>
            </TextLine>
            <TextEquiv>
                <Unicode></Unicode>
            </TextEquiv>
        </TextRegion>
        <TextRegion id="r_5894" custom="readingOrder {index:9;} structure {type:page-number;}">
            <Coords points="438,3182 438,3289 2161,3289 2161,3182"/>
            <TextLine id="tr_1_tl_36" custom="readingOrder {index:0;}">
                <Coords points="475,3273 485,3273 490,3277 522,3277 537,3292 554,3292 552,3228 533,3230 511,3213 485,3243 475,3243"/>
                <Baseline points="486,3269 522,3271 558,3272"/>
                <Word id="tr_1_tl_36_w1" custom="readingOrder {index:0;}">
                    <Coords points="480,3230 480,3290 532,3290 532,3230 480,3230 480,3230 480,3230 480,3230 480,3230 480,3230 480,3230 480,3230 480,3230 480,3230 480,3230"/>
                    <TextEquiv>
                        <Unicode>84</Unicode>
                    </TextEquiv>
                </Word>
                <TextEquiv>
                    <Unicode>84</Unicode>
                </TextEquiv>
            </TextLine>
            <TextEquiv>
                <Unicode></Unicode>
            </TextEquiv>
        </TextRegion>
    </Page>
</PcGts>
