2479 3508
356 545 392 605 30
416 545 483 605 juli
505 545 586 605 1943
611 545 747 605 vrijdag

362 612 531 672 Vandaag
559 612 622 672 was
645 613 705 673 het
725 615 800 675 zeer
819 612 974 672 angstig.
999 610 1054 670 We
1077 613 1204 673 kregen
1230 613 1426 673 luchtalarm
1473 613 1509 673 en
1537 613 1617 673 daar
1637 613 1802 673 kwamen
1831 614 1869 674 de
1891 615 2054 675 vliegtui¬

354 688 443 748 gen.
466 687 509 747 Le
536 685 650 745 waren
680 686 794 746 direct
816 687 883 747 vlak
913 685 1030 745 boven
1057 687 1095 747 de
1119 688 1192 748 tuin
1223 688 1260 748 en
1288 686 1401 746 Greet
1423 687 1499 747 ging
1526 688 1580 748 me
1608 688 1692 748 naar
1714 690 1852 750 binnen
1877 691 2004 751 halen.
2020 691 2050 751 lk

359 759 431 819 was
453 757 515 817 het
535 758 672 818 binnen
700 760 737 820 of
759 760 840 820 daar
862 760 957 820 werd
979 760 1195 820 geschoten,
1217 760 1531 820 verschrikkelijk.
1550 760 1626 820 Cor
1648 760 1726 820 reed
1750 762 1815 822 mij
1837 760 1913 820 met
1932 763 2051 823 wagen

352 831 395 891 en
423 831 453 891 al
475 831 512 891 de
534 833 740 893 badkamer
760 831 811 891 in.
833 831 983 891 Plukkie
1010 833 1110 893 vloog
1138 836 1213 896 met
1233 834 1333 894 grote
1358 837 1575 897 verschrikte
1600 834 1689 894 ogen
1717 835 1776 895 van
1806 837 1866 897 het
1888 835 1950 895 ene
1975 835 2051 895 eind

352 906 440 966 naar
463 904 526 964 het
546 905 698 965 andere.
718 906 830 966 Greet
850 908 956 968 pakte
982 906 1047 966 hem
1093 907 1131 967 op
1161 909 1199 969 en
1227 909 1278 969 we
1303 909 1399 969 zaten
1427 909 1505 969 met
1528 909 1591 969 ons
1614 909 1703 969 allen
1731 909 1761 969 in
1792 909 1829 969 de
1855 909 2057 969 badkamer

354 978 396 1038 en
428 978 608 1038 wachtten
640 978 672 1038 af
696 978 765 1038 wat
786 978 821 1038 er
845 979 921 1039 met
946 978 1011 1038 ons
1036 981 1096 1041 zou
1128 979 1330 1039 gebeuren.
1354 981 1431 1041 Cor
1452 982 1579 1042 haalde
1609 983 1648 1043 de
1675 981 1802 1041 koftie,
1826 981 1879 1041 die
1906 981 1937 1041 al
1959 982 2051 1042 inge¬

353 1049 547 1109 schonken
569 1049 700 1109 stond.
717 1049 895 1109 Eindelijk
920 1052 1020 1112 hield
1040 1052 1101 1112 het
1123 1052 1159 1112 op
1187 1052 1223 1112 en
1246 1052 1295 1112 we
1318 1052 1448 1112 gingen
1474 1052 1565 1112 weer
1585 1054 1668 1114 naar
1691 1054 1727 1114 de
1749 1054 1888 1114 kamer.
1905 1054 2052 1114 Plukkie

359 1124 472 1184 kroop
506 1122 581 1182 met
591 1121 648 1181 een
679 1124 793 1184 onder
819 1122 857 1182 de
884 1124 1007 1184 divan,
1028 1125 1129 1185 maar
1152 1124 1229 1184 Cor
1253 1126 1317 1186 zei,
1339 1125 1403 1185 nee
1429 1124 1534 1184 Pluk,
1555 1124 1617 1184 dat
1638 1124 1664 1184 is
1690 1124 1775 1184 onze
1801 1124 2059 1184 schuilkelder.

354 1193 582 1253 Inderdaad,
605 1195 778 1255 wanneer
807 1194 841 1254 ze
869 1195 947 1255 hier
973 1197 1087 1257 zullen
1121 1196 1413 1256 bombarderen,
1442 1197 1481 1257 de
1510 1197 1711 1257 geruchten
1743 1197 1828 1257 gaan
1862 1196 1893 1256 al
1919 1196 1978 1256 van
2015 1199 2051 1259 de

359 1266 503 1326 K.A.t:,
522 1265 652 1325 waarin
679 1265 717 1325 de
741 1265 882 1325 t'okker
898 1267 925 1327 is
945 1268 1259 1328 ondergebracht,
1278 1268 1340 1328 dan
1367 1268 1522 1328 kruipen
1546 1268 1606 1328 wij
1628 1268 1741 1328 onder
1763 1268 1801 1328 de
1825 1269 1925 1329 divan
1953 1267 1990 1327 en
2018 1270 2053 1330 de

354 1339 444 1399 tafel
463 1337 496 1397 er
517 1336 716 1396 overheen.
737 1339 812 1399 Het
831 1339 856 1399 is
877 1341 1035 1401 vandaag
1064 1339 1138 1399 niet
1159 1340 1193 1400 zo
1219 1342 1307 1402 warm
1354 1342 1392 1402 en
1419 1340 1444 1400 ik
1473 1339 1537 1399 ben
1566 1339 1641 1399 niet
1662 1340 1691 1400 in
1719 1340 1758 1400 de
1781 1339 1848 1399 bor
1875 1339 2043 1399 geweest.

354 1410 553 1470 Hamburg
582 1410 608 1470 is
633 1410 853 1470 ontzettend
877 1413 991 1473 zwaar
1015 1413 1352 1473 gebombardeerd,
1374 1414 1435 1474 van
1467 1414 1562 1474 stalié
1589 1413 1613 1473 is
1637 1412 1761 1472 verder
1786 1413 1855 1473 nog
1881 1413 1974 1473 niets
1998 1410 2054 1470 be¬

350 1482 469 1542 kend.
498 1482 566 1542 Wij
589 1481 754 1541 wachten
785 1482 822 1542 op
856 1485 896 1545 de
922 1487 1055 1547 dingen
1087 1488 1140 1548 die
1166 1488 1300 1548 komen
1331 1487 1467 1547 zullen.
1493 1487 1658 1547 Vandaag
1687 1487 1709 1547 is
1732 1486 1920 1546 mijnheer
1943 1488 1979 1548 S.
2000 1488 2050 1548 ge¬

357 1555 484 1615 haald,
506 1555 566 1615 een
593 1557 671 1617 hele
696 1557 809 1617 goede
837 1560 956 1620 relatie
983 1560 1040 1620 van
1073 1560 1151 1620 ons.
1176 1560 1251 1620 Cor
1273 1560 1297 1620 is
1319 1557 1419 1617 bezig
1449 1558 1484 1618 om
1531 1557 1563 1617 te
1585 1559 1707 1619 kijken
1737 1558 1772 1618 of
1794 1560 1828 1620 er
1850 1560 1912 1620 iets
1937 1560 1994 1620 aan
2027 1560 2051 1620 te

354 1629 450 1689 doen
476 1628 517 1688 is,
536 1628 637 1688 maar
658 1628 701 1688 zij
722 1628 836 1688 waren
862 1628 1152 1688 ondergedoken
1181 1631 1217 1691 en
1243 1631 1354 1691 zoiets
1375 1631 1507 1691 noemt
1528 1632 1606 1692 men
1637 1634 1694 1694 een
1728 1631 1893 1691 'sgeval,
1914 1631 2059 1691 oftewel

353 1701 417 1761 een
443 1700 653 1760 stratgeval.
673 1700 748 1760 Het
768 1701 793 1761 is
816 1703 933 1763 zielig,
953 1703 1012 1763 een
1040 1703 1155 1763 goede
1178 1703 1276 1763 baas.

349 1772 384 1832 lk
416 1772 485 1832 viel
509 1772 543 1832 om
591 1774 652 1834 van
685 1775 724 1835 de
748 1775 862 1835 slaap,
884 1775 982 1835 want
1004 1775 1030 1835 je
1057 1775 1176 1835 wordt
1198 1775 1232 1835 zo
1262 1775 1344 1835 moe
1371 1775 1431 1835 van
1461 1775 1493 1835 al
1514 1775 1567 1835 die
1591 1778 1804 1838 narigheid.
1831 1775 1884 1835 We
1910 1775 2051 1835 hebben

354 1843 419 1903 een
447 1843 509 1903 Hes
531 1843 652 1903 slaalie
677 1843 837 1903 gekocht
859 1846 945 1906 voor
967 1846 1151 1906 slechts..
1173 1846 1290 1906 schrik
1317 1846 1393 1906 niet
1412 1846 1439 1906 f.
1458 1846 1515 1906 zo,
1550 1844 1607 1904 De
1632 1845 1748 1905 eieren
1773 1844 1900 1904 kosten
1924 1844 1951 1904 f.
1968 1848 2057 1908 L.OS.

361 1912 424 1972 We
451 1914 593 1974 hebben
625 1917 662 1977 om
713 1918 749 1978 de
779 1917 866 1977 twee
893 1917 1003 1977 dagen
1035 1918 1120 1978 voor
1144 1918 1170 1978 t.
1191 1918 1265 1978 10,-
1284 1918 1434 1978 groente
1461 1915 1498 1975 en
1527 1915 1630 1975 fruit,
1654 1918 1741 1978 voor
1765 1918 1826 1978 een
1852 1918 2048 1978 broodhon

354 1987 493 2047 betaalt
517 1990 597 2050 men
626 1990 651 2050 f.
672 1989 768 2049 2.50,
791 1987 879 2047 voor
903 1985 962 2045 een
991 1987 1185 2047 suikerbon
1216 1990 1242 2050 f.
1263 1989 1345 2049 18,,
1367 1987 1423 2047 een
1454 1990 1602 2050 jambon
1633 1990 1659 2050 f.
1680 1990 1770 2050 2.75,
1794 1990 1853 2050 een
1882 1990 1983 2050 pond
2011 1987 2053 2047 vis

353 2061 380 2121 f.
400 2061 492 2121 2.30,
514 2061 525 2121 t
548 2061 645 2121 pond
673 2063 812 2123 paling,
821 2062 857 2122 en
885 2061 1013 2121 daarop
1044 2059 1189 2119 hebben
1214 2061 1273 2121 wij
1295 2061 1434 2121 onszelf
1454 2061 1683 2121 getrakteerd
1702 2061 1727 2121 f.
1747 2061 1800 2121 I0.

355 2207 391 2267 31
414 2205 479 2265 juli
502 2203 581 2263 1943
607 2203 768 2263 zaterdag

352 2273 432 2333 Het
453 2272 479 2332 is
500 2272 674 2332 snikheet
697 2273 733 2333 en
762 2273 790 2333 ik
819 2273 882 2333 heb
916 2272 975 2332 een
1001 2272 1084 2332 heel
1108 2273 1175 2333 dun
1207 2273 1357 2333 hemdje
1383 2274 1440 2334 aan
1472 2272 1510 2332 en
1539 2271 1599 2331 een
1628 2274 1710 2334 heel
1734 2275 1801 2335 dun
1833 2276 1991 2336 schortje
2017 2276 2051 2336 en

354 2346 425 2406 nog
455 2344 579 2404 putten
611 2345 669 2405 wij
694 2345 861 2405 allemaal
882 2345 940 2405 van
972 2345 1012 2405 de
1039 2345 1147 2405 hitte,
1169 2345 1230 2405 dan
1262 2345 1304 2405 lig
1331 2345 1357 2405 ik
1389 2345 1527 2405 binnen
1556 2345 1593 2405 en
1625 2344 1686 2404 dan
1718 2344 1811 2404 weer
1833 2347 1981 2407 buiten.
2002 2346 2052 2406 De

360 2418 481 2478 gekste
512 2417 711 2477 geruchten
745 2417 836 2477 doen
864 2416 944 2476 hier
969 2416 1007 2476 de
1035 2417 1168 2477 ronde.
1193 2416 1249 2476 De
1274 2415 1406 2475 R.A.S.
1432 2417 1470 2477 en
1501 2416 1642 2476 Sieberg
1675 2420 1789 2480 zullen
1819 2417 1969 2477 morgen
2002 2417 2054 2477 ge¬

354 2486 636 2546 bombardeerd
659 2486 824 2546 worden.
848 2487 902 2547 Als
926 2487 987 2547 dat
1006 2485 1039 2545 zo
1068 2486 1106 2546 is,
1127 2488 1187 2548 wij
1208 2487 1313 2547 zitten
1340 2485 1373 2545 er
1394 2485 1479 2545 juist
1500 2486 1650 2546 midden
1679 2487 1730 2547 in,
1751 2488 1813 2548 dan
1842 2488 1973 2548 nemen
2002 2489 2059 2549 wij

357 2562 400 2622 de
422 2558 566 2618 kuiten.
582 2557 658 2617 Het
677 2558 701 2618 is
718 2560 891 2620 ellendig.
911 2560 965 2620 De
987 2559 1122 2619 tamilie
1144 2559 1277 2619 franke
1299 2560 1399 2620 naast
1418 2560 1483 2620 ons
1502 2560 1580 2620 gaat
1600 2560 1689 2620 weg,
1706 2561 1789 2621 naar
1811 2560 2058 2620 Amstelveen.

363 2629 418 2689 De
441 2632 577 2692 familie
601 2632 765 2692 Fulschie
789 2632 846 2692 van
876 2633 913 2693 de
937 2632 1049 2692 slager
1067 2632 1217 2692 kunnen
1244 2632 1319 2692 niet
1336 2633 1426 2693 weg,
1446 2634 1530 2694 daar
1548 2632 1574 2692 is
1594 2632 1652 2692 een
1678 2633 1768 2693 baby
1794 2634 1970 2694 geboren.
1994 2635 2057 2695 Wij

354 2705 529 2765 wachten
558 2706 660 2766 maar
684 2708 730 2768 al.

352 2855 365 2915 1
390 2853 559 2913 augustus
578 2855 659 2915 1943
686 2853 818 2913 zondag

361 2927 596 2987 Vanmorgen
628 2926 666 2986 om
713 2924 829 2984 kwart
853 2924 940 2984 voor
967 2926 1018 2986 zes
1042 2924 1111 2984 was
1137 2927 1212 2987 Cor
1238 2925 1277 2985 op
1310 2925 1398 2985 voor
1424 2926 1460 2986 de
1486 2927 1610 2987 krant.
1636 2927 1724 2987 loen
1755 2927 1786 2987 ze
1815 2927 1905 2987 weer
1929 2928 1957 2988 in
1988 2927 2050 2987 bed

360 3000 462 3060 kwam
509 2999 683 3059 verzocht
706 2999 816 3059 Greet
839 3002 924 3062 haar
947 3001 985 3061 om
1033 3000 1099 3060 mij
1124 2999 1190 3059 weg
1221 2999 1249 3059 te
1274 3000 1420 3060 leggen,
1443 3002 1539 3062 want
1565 3001 1589 3061 ik
1617 3001 1658 3061 lig
1689 2999 1725 3059 zo
1753 2999 1783 3059 te
1808 3002 1993 3062 trappelen
2024 3002 2052 3062 in

355 3073 444 3133 mijn
472 3073 642 3133 ledikant
662 3073 706 3133 als
729 3072 790 3132 een
816 3073 896 3133 jong
924 3075 1053 3135 paard,
1072 3072 1134 3132 het
1153 3072 1231 3132 hele
1251 3073 1421 3133 ledikant
1444 3073 1578 3133 davert.
