2479 3508
439 333 534 393 Toen
564 334 616 394 zei
638 336 730 396 Cor:
772 333 900 393 Greet,
924 334 962 394 de
990 333 1145 393 dochter
1167 334 1230 394 van
1257 334 1320 394 een
1347 334 1410 394 van
1440 336 1478 396 de
1503 336 1688 396 loopsters
1710 336 1811 396 heeft
1833 336 1896 396 het
1915 336 2070 396 pamtlet
2092 332 2147 392 ge-

448 405 567 465 lezen,
589 407 650 467 dat
675 405 711 465 de
739 406 872 466 R.A.S.
897 405 930 465 en
961 404 1105 464 Sieberg
1136 404 1455 464 gebombardeerd
1480 405 1594 465 zullen
1625 406 1794 466 worden.
1830 407 1924 467 Toen
1955 404 2007 464 zei
2027 407 2151 467 Greet:

467 473 554 533 Dan
586 477 747 537 wachten
773 477 821 537 we
847 478 920 538 niet
940 479 1098 539 langer,
1118 479 1155 539 en
1181 479 1314 539 sprong
1342 479 1396 539 uit
1413 479 1501 539 bed.
1527 479 1580 539 We
1603 479 1733 539 maken
1762 479 1798 539 de
1821 479 1971 539 picknie
1991 479 2087 539 klaar
2107 481 2141 541 en

451 551 535 611 gaan
567 551 652 611 naar
675 549 711 609 de
737 551 977 611 wandelweg.
1000 551 1088 611 Nico
1120 551 1179 611 van
1210 552 1318 612 Lante
1344 553 1442 613 Tinie
1466 553 1545 613 sliep
1576 552 1627 612 bij
1650 553 1729 613 ons,
1749 552 1803 612 hij
1820 552 1891 612 had
1916 553 2032 613 tussen
2061 551 2146 611 twee

449 620 599 680 haakjes
626 623 697 683 nog
729 622 827 682 echte
859 622 954 682 witte
986 624 1160 684 broodjes
1187 625 1464 685 meegebracht,
1489 625 1544 685 hij
1568 624 1689 684 moest
1719 624 1864 684 opstaan
1898 625 1935 685 en
1970 625 2036 685 ook
2070 626 2157 686 mee¬

441 694 533 754 weg.
556 696 661 756 Lante
686 695 841 755 Maartje
863 697 961 757 kwam
1005 697 1241 757 naderhand,
1258 700 1336 760 met
1356 699 1393 759 de
1416 700 1652 760 mededeling
1680 696 1736 756 van
1764 697 2147 757 luchtbescherming,

446 766 511 826 dat
530 768 564 828 er
586 766 676 826 niets
701 766 760 826 van
789 768 847 828 aan
876 767 959 827 was.
981 768 1129 828 Diverse
1154 769 1302 829 mensen
1331 770 1446 830 waren
1473 771 1525 831 uit
1547 771 1585 831 de
1609 771 1722 831 huurt
1744 767 1813 827 weg
1839 769 2038 829 getrokken
2067 770 2124 830 van

445 838 543 898 wege
570 837 608 897 de
635 838 752 898 angst.
779 838 831 898 We
853 840 920 900 zijn
948 840 1013 900 dús
1035 842 1132 902 thuis
1154 842 1325 902 gebleven
1353 840 1390 900 en
1418 841 1450 901 er
1472 842 1496 902 is
1518 841 1643 901 verder
1663 840 1755 900 niets
1777 840 1953 900 gebeurd.

449 912 481 972 lk
514 912 577 972 ben
610 912 710 972 maar
736 912 776 972 go
806 913 885 973 gram
935 915 1210 975 aangekomen,
1235 913 1296 973 het
1321 914 1389 974 was
1414 915 1480 975 ook
1513 915 1548 975 zo
1578 915 1666 975 warm
1719 914 1780 974 van
1813 915 1850 975 de
1878 915 1994 975 week.
2017 915 2047 975 Ik
2080 915 2140 975 het

440 984 559 1044 slecht
582 984 770 1044 geslapen,
793 982 952 1042 vreselijk
981 984 1012 1044 in
1041 984 1129 1044 mijn
1161 984 1266 1044 bedje
1295 986 1457 1046 gewoeld
1485 987 1522 1047 en
1551 987 1579 1047 ik
1611 987 1682 1047 was
1705 986 1881 1046 hongerig
1913 987 1949 1047 en
1978 987 2129 1047 huilerig

445 1055 599 1115 Olukkie
623 1054 649 1114 is
671 1052 760 1112 weer
785 1053 1018 1113 weggelopen
1047 1058 1240 1118 vanavond
1267 1058 1301 1118 en
1331 1058 1407 1118 Cor
1429 1058 1548 1118 moest
1572 1058 1651 1118 over
1676 1058 1712 1118 de
1739 1058 1922 1118 schutting
1951 1058 2150 1118 klimmen.

441 1129 491 1189 Le
516 1127 616 1187 heeft
638 1128 722 1188 haar
744 1127 842 1187 hand
866 1130 1015 1190 bereerd
1044 1128 1100 1188 aan
1129 1131 1190 1191 een
1217 1130 1371 1190 roestige
1395 1133 1541 1193 spijker.
1562 1130 1673 1190 Greet
1695 1131 1843 1191 waadde
1870 1132 1963 1192 door
1987 1130 2024 1190 de
2048 1130 2144 1190 spin¬

445 1200 514 1260 nen
543 1198 582 1258 en
610 1199 788 1259 muggen,
812 1200 907 1260 want
928 1201 990 1261 het
1011 1201 1109 1261 heeft
1133 1200 1192 1260 net
1215 1201 1435 1261 geonweerd
1459 1201 1494 1261 en
1523 1201 1818 1261 gestortregend.
1839 1202 1950 1262 Greet
1971 1204 2037 1264 had
2066 1202 2149 1262 haar

446 1271 547 1331 witte
571 1273 628 1333 rok
660 1273 738 1333 aan,
758 1273 856 1333 maar
877 1273 959 1333 toen
985 1273 1031 1333 zij
1050 1273 1141 1333 weer
1160 1276 1299 1336 binnen
1326 1275 1421 1335 kwam
1469 1275 1536 1335 was
1560 1274 1642 1334 deze
1666 1274 1773 1334 zwart
1798 1276 1855 1336 van
1884 1276 2020 1336 allerlei
2039 1276 2142 1336 onge¬

446 1348 732 1408 rechtigheden.
755 1348 905 1408 Plukkie
929 1348 1028 1408 kreeg
1062 1349 1099 1409 op
1127 1349 1192 1409 zijn
1221 1350 1349 1410 baadje
1378 1348 1553 1408 (donder)
1576 1350 1616 1410 en
1645 1349 1721 1409 mag
1752 1348 1769 1408 's
1795 1349 1931 1409 avonds
1954 1351 2030 1411 niet
2053 1349 2147 1409 meer

446 1419 504 1479 los
525 1419 659 1479 Lopen.

433 1563 448 1623 2
474 1566 645 1626 augustus
666 1566 750 1626 1943
776 1566 957 1626 maandag

441 1631 498 1691 De
526 1634 676 1694 kranten
708 1634 803 1694 staan
835 1634 925 1694 weer
951 1634 1024 1694 vol,
1047 1635 1104 1695 wij
1128 1634 1273 1694 hebben
1302 1635 1418 1695 teveel
1442 1637 1597 1697 vreugde
1626 1637 1688 1697 van
1719 1637 1807 1697 onze
1833 1639 2022 1699 gezichten
2051 1637 2141 1697 laten

439 1706 592 1766 stralen,
610 1706 688 1766 met
706 1706 768 1766 het
787 1706 947 1766 aftreden
976 1707 1036 1767 van
1065 1707 1267 1767 Mussolini
1288 1709 1324 1769 en
1350 1709 1391 1769 nu
1420 1709 1529 1769 komt
1550 1709 1680 1769 daarop
1711 1707 1747 1767 de
1771 1708 1996 1768 weerklank.
2018 1709 2144 1769 Duitse

447 1777 601 1837 troepen
633 1778 697 1838 zijn
731 1780 826 1840 stalié
855 1779 994 1839 binnen
1026 1779 1157 1839 gerukt
1184 1781 1219 1841 en
1251 1781 1292 1841 nu
1331 1781 1496 1841 wachten
1527 1781 1584 1841 wij
1610 1781 1711 1841 maar
1737 1781 1770 1841 af
1796 1781 1863 1841 wat
1889 1780 1925 1840 er
1949 1780 2075 1840 verder
2101 1781 2147 1841 zal

448 1849 663 1909 gebeuren.

437 1921 518 1981 Het
540 1921 665 1981 regent
690 1921 725 1981 en
752 1921 779 1981 ik
807 1921 850 1981 lig
875 1921 940 1981 net
959 1921 989 1981 in
1017 1921 1106 1981 mijn
1134 1923 1256 1983 bedje,
1275 1923 1340 1983 het
1360 1921 1384 1981 is
1409 1921 1474 1981 ook
1504 1921 1593 1981 weer
1616 1923 1735 1983 frisser
1757 1921 1795 1981 en
1823 1921 1850 1981 ik
1877 1924 1942 1984 heb
1972 1924 2035 1984 net
2054 1924 2138 1984 mijn

437 1992 613 2052 dekentje
638 1993 716 2053 over
735 1992 933 2052 gekregen.
950 1994 980 2054 Ik
1006 1993 1111 2053 begin
1139 1996 1167 2056 in
1192 1996 1281 2056 mijn
1307 1996 1412 2056 bedje
1435 1996 1462 2056 te
1485 1995 1660 2055 kruipen,
1680 1995 1777 2055 want
1797 1996 1822 2056 ik
1847 1996 1897 2056 lag
1922 1995 1952 2055 al
1972 1994 2061 2054 weer
2084 1996 2139 2056 aan

439 2063 505 2123 het
527 2061 792 2121 voeteneinde.
811 2064 842 2124 Ik
869 2064 985 2124 lachte
1012 2064 1094 2124 even
1121 2066 1203 2126 toen
1232 2067 1259 2127 ik
1288 2067 1399 2127 Greet
1421 2067 1497 2127 zag,
1516 2067 1622 2127 pakte
1649 2064 1736 2124 mijn
1766 2064 1853 2124 doek
1883 2066 1922 2126 en
1949 2064 2028 2124 ging
2058 2065 2142 2125 weer

440 2133 634 2193 sabbelen.
659 2133 812 2193 Plukkie
834 2135 904 2195 ligt
926 2136 1004 2196 met
1026 2136 1093 2196 zijn
1124 2136 1340 2196 halsbandje
1369 2138 1407 2198 om
1458 2139 1496 2199 en
1524 2138 1591 2198 kan
1624 2137 1691 2197 dus
1716 2136 1794 2196 niet
1816 2138 1908 2198 weg.
1933 2139 2008 2199 Cor
2033 2138 2130 2198 infor

445 2205 566 2265 meert
590 2205 671 2265 even
697 2205 767 2265 hoe
791 2205 826 2265 of
848 2205 907 2265 het
928 2205 1006 2265 met
1027 2207 1063 2267 de
1087 2208 1224 2268 familie
1251 2208 1406 2268 Sanders
1427 2209 1466 2269 is.

431 2354 444 2414 3
473 2349 640 2409 augustus
662 2348 743 2408 1943
768 2351 916 2411 dinsdag

444 2413 508 2473 We
533 2419 680 2479 hebben
708 2420 891 2480 helemaal
914 2422 996 2482 geen
1028 2425 1266 2485 luchtalarm;
1289 2424 1330 2484 nu
1364 2424 1388 2484 is
1414 2424 1477 2484 het
1500 2423 1591 2483 weer
1617 2424 1680 2484 ook
1714 2426 1766 2486 erg
1797 2426 1911 2486 slecht
1936 2426 2146 2486 geworden,

439 2486 519 2546 veel
542 2493 664 2553 regen;
690 2491 716 2551 ik
747 2492 794 2552 sta
823 2494 942 2554 steeds
968 2495 1084 2555 onder
1110 2495 1149 2555 de
1178 2497 1367 2557 waranda.
1391 2495 1569 2555 Mevrouw
1616 2496 1769 2556 Vedder,
1793 2497 1881 2557 onze
1907 2495 2130 2555 bovenbuut

434 2564 546 2624 vrouw
587 2566 690 2626 praat
709 2568 826 2628 steeds
849 2568 952 2628 tegen
979 2570 1061 2630 mij,
1080 2572 1126 2632 als
1148 2572 1175 2632 ik
1206 2572 1246 2632 de
1274 2571 1361 2631 deur
1383 2570 1483 2630 maar
1505 2569 1598 2629 open
1623 2569 1720 2629 hoor
1743 2571 1848 2631 gaan,
1871 2569 1933 2629 dan
1963 2569 2031 2629 kijk
2061 2569 2088 2629 ik
2119 2569 2148 2629 al

434 2641 529 2701 naar
552 2640 698 2700 boven.

448 2708 533 2768 Veel
553 2711 692 2771 nieuws
714 2711 739 2771 is
761 2713 791 2773 er
811 2715 902 2775 niet.
928 2715 997 2775 Wij
1017 2718 1080 2778 zijn
1108 2718 1277 2778 allemaal
1297 2718 1347 2778 erg
1378 2715 1500 2775 down,
1519 2716 1583 2776 het
1603 2717 1719 2777 schiet
1739 2718 1813 2778 niet
1836 2718 1894 2778 op.

446 2858 461 2918 4
489 2858 655 2918 augustus
675 2858 754 2918 1943
780 2861 960 2921 woensdag

446 2930 615 2990 Vandaag
647 2930 672 2990 is
701 2930 850 2990 Dientje
879 2929 938 2989 van
975 2933 1083 2993 Chris
1109 2933 1199 2993 hier.
1222 2933 1281 2993 Zij
1304 2931 1406 2991 heeft
1429 2930 1544 2990 slecht
1567 2933 1660 2993 weer
1686 2933 1726 2993 en
1757 2934 1833 2994 niet
1859 2935 1966 2995 alleen
2001 2934 2060 2994 dat
2086 2934 2145 2994 het

434 3003 555 3063 slecht
575 3002 666 3062 weer
684 3004 724 3064 is,
742 3004 843 3064 maar
861 3004 894 3064 er
914 3005 1060 3065 worden
1086 3008 1220 3068 razzias
1240 3005 1437 3065 gehouden
1465 3005 1500 3065 op
1531 3005 1619 3065 onze
1640 3002 1801 3062 mannen
1830 3003 1887 3063 van
1915 3004 2145 3064 Nederland.

430 3075 678 3135 Leidsestraat
700 3076 737 3136 en
764 3079 889 3139 Leidse
913 3077 1030 3137 plein,
1052 3079 1187 3139 diverse
1212 3079 1345 3139 andere
1369 3079 1513 3139 pleinen
1542 3076 1579 3136 en
1606 3079 1739 3139 straten
1766 3079 1830 3139 zijn
1860 3079 2014 3139 afgezet,
2033 3079 2139 3139 trams

475 3223 527 3283 88
