2479 3508
350 330 501 390 worden
533 331 784 391 leeggehaald.
811 331 978 391 ledereen
1010 333 1113 393 moet
1137 333 1222 393 naar
1249 333 1312 393 het
1336 333 1420 393 City
1450 332 1590 392 theater
1617 333 1654 393 en
1686 332 1770 392 daar
1797 332 1943 392 worden
1975 334 2046 394 hun

358 401 717 461 persoonsbewijzen
743 404 983 464 ingehouden
1009 404 1047 464 en
1071 405 1151 465 gaat
1172 404 1251 464 men
1278 404 1306 464 in
1337 404 1629 464 overvalwagens
1652 403 1740 463 weg.
1766 404 1820 464 We
1843 407 1956 467 waren
1985 405 2047 465 ook

348 474 443 534 bang
475 473 563 533 voor
589 473 677 533 Nico
709 473 958 533 Disgelhoen.
980 476 1049 536 Hij
1067 476 1173 536 moet
1195 476 1266 536 nog
1293 476 1380 536 twee
1407 479 1476 539 jaar
1500 476 1669 536 studeren
1702 476 1789 536 voor
1816 476 2054 536 onderwijzer

346 542 391 602 en
420 544 463 604 nu
500 545 619 605 moest
646 546 699 606 hij
720 545 917 605 plotseling
951 548 1161 608 opkomen,
1185 548 1225 608 om
1275 548 1304 608 in
1339 548 1379 608 de
1411 548 1596 608 Oekraine
1626 549 1655 609 te
1684 548 1769 608 gaan
1801 548 1965 608 werken.
1989 548 2053 608 Hij

346 614 449 674 heeft
471 613 529 673 van
556 613 617 673 het
636 614 699 674 ene
723 615 827 675 einde
849 617 933 677 naar
955 616 1016 676 het
1034 616 1164 676 andere
1189 619 1340 679 gelopen
1367 619 1404 679 en
1431 619 1454 679 is
1476 619 1542 679 erin
1571 619 1733 679 geslaagd
1760 619 1797 679 om
1843 619 1914 679 zich
1941 619 2004 679 vrij
2023 621 2050 681 te

351 688 485 748 maken
513 688 569 748 tot
589 688 687 748 1945.
712 689 785 749 Wie
810 690 875 750 dan
903 688 990 748 leeft
1010 690 1071 750 wie
1099 691 1161 751 dan
1189 692 1307 752 zorgt.

354 760 387 820 Ik
416 760 485 820 kon
517 762 591 822 niet
615 761 698 821 eens
724 760 840 820 onder
863 762 902 822 de
928 763 1096 823 waranda
1122 764 1241 824 staan,
1259 764 1295 824 zo
1324 763 1424 823 heeft
1445 763 1507 823 het
1531 764 1727 824 geregend.
1751 763 1895 823 Dokter
1919 763 1945 823 is
1968 763 2045 823 even

353 831 525 891 geweest,
546 834 641 894 want
665 834 689 894 ik
718 834 784 894 had
811 834 980 894 allemaal
999 835 1150 895 puistjes
1172 836 1248 896 met
1267 834 1420 894 korstjes
1442 835 1542 895 erop,
1564 836 1624 896 het
1643 837 1707 897 zijn
1736 836 1818 896 geen
1847 834 2027 894 waterpok

346 906 414 966 ken
442 909 539 969 maar
561 907 790 967 galpuistjes.
809 909 839 969 Ik
866 908 929 968 heb
959 907 1019 967 een
1043 909 1149 969 nieuw
1188 909 1522 969 nachtjaponnetje
1547 910 1604 970 aan
1632 909 1765 969 gehad,
1784 909 1844 969 een
1868 909 1972 969 blauw
2013 910 2048 970 en

347 979 417 1039 het
437 981 529 1041 staat
553 981 617 1041 mij
640 981 811 1041 schattig.

357 1121 569 1181 5augustus
591 1124 676 1184 1943
704 1124 913 1184 donderdag

352 1195 429 1255 Het
450 1193 538 1253 weer
559 1194 626 1254 leek
655 1195 717 1255 iets
738 1196 838 1256 heter
859 1196 1100 1256 vanmorgen,
1118 1196 1216 1256 maar
1237 1194 1299 1254 het
1318 1194 1416 1254 heeft
1437 1195 1623 1255 vanavond
1649 1195 1747 1255 hevig
1773 1196 1988 1256 geonweerd
2011 1197 2047 1257 en

346 1266 412 1326 het
434 1265 556 1325 regent
583 1266 641 1326 dat
662 1265 723 1325 het
745 1264 829 1324 giet.
851 1267 959 1327 Greet
984 1267 1028 1327 zit
1053 1268 1108 1328 aan
1138 1267 1222 1327 haar
1247 1267 1353 1327 kopje
1379 1267 1456 1327 thee
1483 1266 1682 1326 surrogaat;
1704 1267 1801 1327 echte
1828 1267 1908 1327 thee
1932 1267 1958 1327 is
1980 1267 2049 1327 hiet

354 1337 457 1397 meer
476 1337 503 1397 te
528 1339 685 1399 betalen,
709 1340 766 1400 dat
785 1340 866 1400 kost
888 1342 912 1402 f.
935 1341 1018 1401 400,
1056 1339 1132 1399 p.p.
1157 1339 1211 1399 We
1236 1339 1376 1399 hebben
1403 1340 1463 1400 een
1488 1340 1550 1400 Hes
1572 1342 1821 1402 koolzaadolie
1846 1342 1967 1402 cadeau
2000 1342 2048 1402 ge

347 1412 498 1472 kregen,
513 1412 655 1472 heerlijk
682 1410 748 1470 vet.
772 1413 824 1473 We
845 1413 984 1473 bakken
1008 1413 1042 1473 er
1057 1413 1135 1473 zelfs
1153 1410 1296 1470 Hensjes
1313 1412 1365 1472 in,
1380 1413 1424 1473 ja,
1441 1414 1519 1474 daar
1537 1413 1621 1473 krijg
1645 1413 1671 1473 ik
1695 1414 1764 1474 nog
1788 1412 1851 1472 wel
1869 1413 1956 1473 niets
1977 1414 2055 1474 van

346 1481 447 1541 maar
466 1484 492 1544 ik
516 1484 588 1544 ruik
617 1483 675 1543 het
691 1482 720 1542 in
745 1485 843 1545 ieder
862 1485 960 1545 geval
979 1486 1013 1546 en
1037 1485 1098 1545 het
1114 1485 1212 1545 ruikt
1229 1485 1303 1545 niet
1322 1487 1446 1547 slecht.
1465 1486 1539 1546 Cor
1558 1486 1582 1546 is
1601 1485 1680 1545 even
1705 1485 1789 1545 naar
1811 1486 1914 1546 lante
1938 1487 2050 1547 Annie

344 1552 405 1612 f1.
493 1558 545 1618 die
569 1557 592 1617 is
612 1557 661 1617 erg
688 1558 778 1618 ziek.
799 1558 874 1618 Oom
921 1558 1066 1618 Antoon
1090 1560 1189 1620 heeft
1207 1558 1282 1618 hier
1300 1559 1466 1619 gegeten.
1483 1558 1512 1618 Ik
1539 1558 1602 1618 ben
1629 1558 1646 1618 's
1667 1559 1792 1619 nachts
1813 1559 1862 1619 erg
1891 1560 2045 1620 onrustig

350 1628 393 1688 en
426 1628 486 1688 dan
518 1630 659 1690 trappel
681 1628 708 1688 ik
738 1629 768 1689 in
798 1631 884 1691 mijn
914 1631 1109 1691 ledikantje
1137 1631 1172 1691 en
1202 1631 1313 1691 Greet
1335 1631 1397 1691 kan
1430 1631 1465 1691 er
1490 1631 1552 1691 ook
1584 1630 1657 1690 niet
1682 1630 1739 1690 van
1772 1631 1910 1691 slapen.
1932 1631 2007 1691 Dat
2029 1631 2053 1691 is

357 1698 425 1758 wel
445 1703 572 1763 akelig,
592 1703 691 1763 maar
711 1703 739 1763 ik
765 1703 830 1763 kan
859 1703 921 1763 het
941 1703 1014 1763 niet
1034 1706 1181 1766 helpen.
1201 1706 1233 1766 Ik
1261 1706 1329 1766 had
1355 1704 1502 1764 gisteren
1530 1703 1612 1763 geen
1638 1703 1777 1763 bolusje
1803 1703 1983 1763 gebakken
2012 1703 2049 1763 en

352 1775 577 1835 vanmorgen
605 1774 703 1834 vroeg
732 1773 797 1833 was
818 1775 846 1835 ik
872 1775 903 1835 al
924 1775 1011 1835 weer
1032 1775 1174 1835 wakker
1195 1775 1231 1835 en
1257 1775 1355 1835 maar
1376 1777 1467 1837 weer
1488 1775 1544 1835 aan
1570 1775 1632 1835 het
1651 1775 1855 1835 trappelen.
1873 1775 2046 1835 tindelijk

350 1845 451 1905 kwam
496 1846 557 1906 dan
586 1846 650 1906 ook
682 1846 716 1906 de
740 1846 875 1906 klysma
899 1846 936 1906 en
963 1846 1013 1906 die
1037 1846 1090 1906 zat
1109 1847 1321 1907 naderhand
1345 1846 1541 1906 behoorlijk
1573 1846 1629 1906 aan
1656 1846 1740 1906 mijn
1767 1846 1846 1906 bips
1865 1846 1950 1906 vast.

349 1916 444 1976 Orel
472 1918 502 1978 in
542 1917 705 1977 Rusland
742 1917 767 1977 is
800 1918 981 1978 gevallen,
1015 1918 1053 1978 de
1090 1918 1259 1978 Duitsers
1290 1918 1443 1978 zeggen:
1474 1919 1627 1979 volgens
1658 1918 1738 1978 plan
1778 1918 1975 1978 ontruimd
2011 1919 2047 1979 en

353 1989 511 2049 Catania
539 1990 575 2050 op
606 1990 723 2050 Sicili
748 1990 773 2050 is
795 1989 861 2049 ook
892 1988 1070 2048 gevallen.
1090 1990 1145 2050 De
1170 1990 1340 2050 Duitsers
1362 1990 1507 2050 hebben
1537 1990 1668 2050 andere
1690 1990 1879 2050 stellingen
1907 1990 2032 2050 betrok

352 2062 444 2122 ken.
466 2060 499 2120 In
534 2060 629 2120 stali
656 2060 683 2120 is
708 2060 770 2120 het
795 2062 1006 2122 hommeles
1033 2064 1068 2124 en
1104 2064 1169 2124 ook
1202 2063 1231 2123 in
1264 2062 1396 2122 Spanje
1424 2063 1559 2123 schijnt
1584 2061 1646 2121 het
1671 2061 1746 2121 niet
1771 2064 1879 2124 rustig
1912 2064 1942 2124 te
1969 2065 2053 2125 zijn.

351 2132 412 2192 De
436 2130 563 2190 wereld
590 2131 680 2191 staat
704 2130 741 2190 op
770 2131 855 2191 haar
874 2131 963 2191 kop.
988 2133 1152 2193 Gisteren
1178 2133 1245 2193 zijn
1274 2133 1308 2193 er
1327 2131 1420 2191 weer
1441 2131 1576 2191 diverse
1600 2131 1875 2191 Nederlanders
1900 2133 1989 2193 door
2016 2133 2050 2193 de

352 2202 466 2262 kogel
487 2202 633 2262 gedood
657 2202 715 2262 een
744 2202 842 2262 ervan
874 2202 940 2262 was
964 2202 1022 2262 een
1049 2204 1181 2264 kennis
1205 2205 1263 2265 van
1293 2203 1404 2263 Greet
1428 2202 1507 2262 (Ler
1537 2203 1701 2263 Althof.
1722 2202 1799 2262 Het
1818 2203 1841 2263 is
1865 2205 1944 2265 alles
1969 2205 2048 2265 even

352 2273 440 2333 naar
463 2273 508 2333 als
531 2274 611 2334 men
639 2274 727 2334 goed
756 2274 937 2334 nadenkt.
958 2276 1086 2336 Bersijn
1117 2276 1235 2336 wordt
1259 2277 1503 2337 gevacueerd
1526 2276 1604 2336 regt
1625 2277 1726 2337 men,
1749 2276 1829 2336 daar
1850 2276 1970 2336 heerst
1993 2276 2049 2336 een

357 2345 719 2405 paniekstemming.
740 2345 939 2405 Hamburg
963 2346 989 2406 is
1011 2348 1124 2408 zwaar
1145 2347 1481 2407 gebombardeerd.
1503 2346 1640 2406 Deeid,
1659 2348 1720 2408 dat
1741 2347 1765 2407 is
1786 2347 1865 2407 men
1897 2348 1960 2408 ook
1992 2348 2048 2408 aan

350 2418 417 2478 het
435 2416 649 2476 evacueren.
673 2415 727 2475 We
751 2418 913 2478 wachten
937 2420 1045 2480 rustig
1069 2420 1099 2480 af
1120 2420 1156 2480 op
1185 2420 1224 2480 de
1247 2417 1389 2477 verdere
1410 2420 1544 2480 dingen
1570 2420 1622 2480 die
1643 2419 1777 2479 komen
1801 2417 1935 2477 zullen.
1953 2419 1984 2479 In
2013 2420 2048 2480 de

349 2484 438 2544 stael
455 2488 598 2548 draaien
625 2488 792 2548 allemaal
812 2488 943 2548 andere
965 2490 1076 2550 tilms.
1096 2491 1209 2551 Greet
1227 2491 1295 2551 had
1320 2491 1391 2551 zon
1421 2491 1468 2551 zin
1498 2489 1534 2549 om
1582 2489 1640 2549 een
1668 2489 1768 2549 echte
1796 2491 2052 2551 Amerikaanse

350 2560 407 2620 tilm
454 2562 484 2622 te
509 2563 601 2623 zien,
620 2564 721 2624 maar
743 2564 787 2624 zij
806 2563 857 2623 zal
877 2563 945 2623 nog
973 2563 1041 2623 wat
1063 2563 1196 2623 geduld
1221 2563 1368 2623 moeten
1396 2562 1559 2622 hebben.

352 2706 366 2766 6
395 2709 560 2769 augustus
580 2709 662 2769 1943
687 2709 819 2769 vrijdag

352 2778 433 2838 Het
460 2778 560 2838 heeft
591 2778 682 2838 weer
710 2781 892 2841 geregend
922 2783 1082 2843 vandaag
1118 2781 1155 2841 en
1188 2781 1218 2841 ik
1254 2779 1316 2839 heb
1354 2780 1446 2840 weer
1476 2781 1593 2841 onder
1623 2781 1663 2841 de
1694 2781 1862 2841 waranda
1895 2781 2057 2841 gestaan.

352 2847 416 2907 We
442 2850 591 2910 hebben
621 2852 687 2912 ook
721 2853 780 2913 een
809 2853 894 2913 keer
918 2855 1117 2915 luchtalarm
1168 2854 1303 2914 gehad,
1327 2852 1452 2912 verder
1479 2852 1548 2912 was
1575 2852 1609 2912 er
1633 2852 1710 2912 niet
1734 2852 1811 2912 veel
1836 2852 1864 2912 te
1891 2852 2061 2912 beleven.

353 2927 550 2987 Bjelgorov
575 2927 600 2987 is
625 2927 803 2987 gevallen,
826 2927 956 2987 Duitse
984 2925 1096 2985 jagers
1118 2927 1268 2987 scheren
1299 2927 1380 2987 over
1405 2927 1443 2987 de
1469 2927 1621 2987 huizen,
1641 2927 1741 2987 soms
1767 2927 1791 2987 is
1814 2927 1878 2987 het
1900 2924 2047 2984 gewoon

350 3004 509 3064 angstig,
529 3003 563 3063 zo
586 3001 680 3061 laag.
706 3000 760 3060 We
783 3001 928 3061 hebben
954 3003 1122 3063 allemaal
1142 3002 1202 3062 een
1225 3002 1486 3062 klantenkaart
1507 3003 1703 3063 gekregen,
1724 3001 1831 3061 zodat
1852 3000 1897 3060 we
1923 3001 1988 3061 dus
2008 3002 2057 3062 bij

348 3073 390 3133 de
416 3073 660 3133 groenteman
690 3075 786 3135 staan
816 3073 1100 3133 ingeschreven.
