2479 3508
439 333 472 393 Ik
502 333 600 393 vraag
628 333 745 393 steeds
767 333 906 393 grotere
931 332 1067 392 porties
1092 331 1187 391 eten.
1207 333 1239 393 Ik
1269 333 1323 393 eet
1343 333 1414 393 nog
1441 333 1512 393 vier
1531 333 1616 393 keer
1635 333 1698 393 per
1720 332 1804 392 dag.
1826 332 1840 392 's
1865 333 2044 393 Morgens
2066 335 2151 395 pap,

442 404 479 464 12
504 404 569 464 uur
591 403 675 463 pap,
695 401 762 461 vier
784 401 852 461 uur
871 401 974 461 fruit.
996 401 1116 461 Kwart
1138 401 1217 461 over
1239 401 1301 461 vijt
1320 401 1355 461 of
1375 401 1448 461 half
1470 401 1521 461 zes
1543 403 1786 463 aardappelen
1810 400 1886 460 met
1906 402 2074 462 groente.
2093 402 2145 462 Als

449 476 477 536 ik
509 476 571 536 heb
600 474 767 534 geslapen
796 475 833 535 om
876 476 989 536 negen
1018 475 1086 535 uur
1109 475 1143 535 of
1163 475 1237 535 halt
1257 476 1325 536 tien
1354 476 1422 536 nog
1448 479 1533 539 pap.

453 622 656 682 7augustus
677 621 753 681 1943
780 622 937 682 zaterdag

453 693 621 753 Vandaag
651 691 794 751 hebben
824 691 873 751 we
900 693 960 753 een
990 694 1217 754 poerenloge
1244 694 1439 754 gekregen.
1464 692 1642 752 Mevrouw
1686 694 1813 754 Gielen
1846 694 1933 754 onze
1963 694 2125 754 vertegen

444 765 702 825 woordigster,
724 766 802 826 wist
824 765 856 825 er
878 765 962 825 geen
990 767 1068 827 raad
1095 766 1190 826 mee,
1209 766 1272 826 het
1294 766 1318 826 is
1340 766 1399 826 een
1426 766 1508 826 heel
1527 766 1621 826 klein
1649 766 1757 826 zwart
1779 767 1904 827 diertje
1928 766 1966 826 en
1996 768 2145 828 Plukkie

444 837 555 897 loopt
577 839 661 899 haar
683 837 802 897 overal
823 838 1014 898 achterna.
1035 839 1109 899 Cor
1131 838 1157 898 is
1178 839 1260 899 even
1290 837 1374 897 naar
1399 840 1504 900 lante
1534 838 1647 898 Annie
1674 838 1711 898 om
1759 838 1788 898 te
1812 840 1931 900 kijken
1960 840 1997 900 of
2016 838 2061 898 zij
2082 839 2148 899 wat

509 912 671 972 geknapt
692 909 732 969 is.
753 909 784 969 Ik
813 910 877 970 ben
909 911 961 971 erg
990 909 1071 969 moe
1097 909 1132 969 en
1161 911 1314 971 jengelig
1344 909 1381 969 en
1407 909 1520 969 Greet
1541 910 1642 970 heeft
1662 911 1726 971 mij
1749 909 1778 969 in
1804 909 1873 969 bed
1900 912 2090 972 gebracht.
2111 912 2140 972 Ik

449 984 559 1044 pakte
585 981 669 1041 mijn
701 981 856 1041 lakentje
882 981 921 1041 en
950 981 1029 1041 ging
1058 981 1196 1041 slapen.
1225 983 1386 1043 Vandaag
1417 979 1474 1039 een
1502 981 1587 1041 keer
1607 983 1845 1043 luchtalarm,
1868 983 1952 1043 geen
1981 981 2148 1041 vliegtui¬

448 1053 513 1113 gen
545 1054 694 1114 gezien.

438 1196 454 1256 8
484 1198 648 1258 augustus
670 1198 751 1258 1943
776 1198 910 1258 zondag

450 1269 683 1329 Vanmorgen
708 1267 775 1327 ben
803 1270 830 1330 ik
858 1270 1033 1330 gewogen
1062 1270 1097 1330 en
1125 1270 1153 1330 ik
1184 1270 1275 1330 weeg
1303 1270 1333 1330 is
1356 1271 1456 1331 pond
1487 1270 1542 1330 250
1573 1272 1689 1332 gram.
1709 1270 1742 1330 Ik
1770 1270 1834 1330 ben
1865 1273 1931 1333 dus
1956 1275 2017 1335 240
2048 1273 2123 1333 gram

447 1342 726 1402 aangekomen,
742 1342 821 1402 niet
837 1342 967 1402 slecht.
986 1342 1059 1402 Het
1079 1342 1233 1402 regende
1258 1345 1433 1405 vandaag,
1453 1342 1544 1402 eerst
1561 1344 1667 1404 hard,
1686 1344 1816 1404 daarna
1841 1342 1897 1402 een
1927 1344 2146 1404 druilregen,

444 1413 688 1473 desondanks
710 1413 775 1473 zijn
805 1413 854 1473 we
882 1416 1104 1476 vanmiddag
1134 1416 1169 1476 of
1191 1416 1300 1476 liever
1322 1417 1455 1477 gezegd
1482 1413 1583 1473 tegen
1616 1418 1653 1478 de
1681 1416 1800 1476 avond
1825 1416 1909 1476 gaan
1942 1416 2148 1476 wandelen.

442 1482 561 1542 Greet
583 1487 652 1547 had
678 1488 747 1548 nog
775 1488 883 1548 nooit
908 1488 1027 1548 gezien
1055 1488 1124 1548 hoe
1153 1487 1188 1547 of
1211 1486 1274 1546 het
1294 1488 1533 1548 Rembrandt
1556 1488 1697 1548 theater
1720 1488 1755 1548 er
1775 1488 1828 1548 bij
1850 1488 1980 1548 stond,
2000 1491 2036 1551 zo
2064 1492 2139 1552 lang

441 1557 513 1617 was
542 1557 573 1617 ze
604 1560 681 1620 niet
705 1560 736 1620 in
770 1560 808 1620 de
837 1559 909 1619 stad
943 1559 1111 1619 geweest;
1138 1560 1241 1620 aldus
1267 1560 1363 1620 werd
1392 1560 1555 1620 besloten
1589 1561 1625 1621 en
1659 1561 1718 1621 wij
1742 1558 1847 1618 togen
1884 1560 1920 1620 op
1957 1562 2047 1622 weg.
2073 1560 2148 1620 Het

449 1628 519 1688 was
546 1631 654 1691 droog
684 1630 765 1690 toen
796 1628 855 1688 wij
877 1631 939 1691 het
958 1631 1039 1691 huis
1064 1631 1253 1691 versieten,
1273 1631 1375 1691 maar
1394 1633 1445 1693 bij
1467 1631 1530 1691 het
1552 1632 1684 1692 R.A.S.
1709 1631 1847 1691 gebouw
1888 1631 2004 1691 begon
2034 1631 2096 1691 het
2118 1631 2142 1691 te

441 1701 547 1761 regen
580 1701 618 1761 en
648 1703 710 1763 het
732 1703 830 1763 bleet
855 1703 1028 1763 regenen;
1050 1703 1131 1763 toch
1162 1703 1308 1763 hebben
1338 1706 1387 1766 we
1414 1706 1474 1766 een
1507 1706 1697 1766 plezierige
1727 1703 1931 1763 wandeling
1964 1706 2148 1766 gemaakt.

442 1774 476 1834 lk
507 1772 603 1832 bleet
627 1774 700 1834 met
721 1775 820 1835 grote
846 1775 936 1835 ogen
959 1776 1078 1836 liggen
1104 1778 1226 1838 kijken
1252 1778 1337 1838 naar
1363 1776 1400 1836 de
1425 1778 1735 1838 regendruppels,
1758 1776 1809 1836 die
1835 1775 1937 1835 tegen
1966 1778 2050 1838 mijn
2082 1778 2133 1838 mi

447 1846 598 1906 caruutje
626 1846 799 1906 Craampje
826 1846 886 1906 dat
908 1846 964 1906 aan
994 1846 1056 1906 het
1078 1844 1265 1904 dekzeiltje
1293 1846 1371 1906 over
1396 1846 1433 1906 de
1458 1846 1577 1906 wagen
1607 1847 1669 1907 zit)
1691 1846 1748 1906 aan
1778 1846 1967 1906 kwamen.
1992 1847 2046 1907 We
2070 1847 2119 1907 gin

447 1915 513 1975 gen
542 1916 597 1976 bij
619 1915 824 1975 Scheltema
849 1915 940 1975 hoek
974 1916 1258 1976 Frederiksplein
1289 1918 1416 1978 zitten,
1442 1918 1571 1978 daarna
1599 1918 1685 1978 naar
1707 1918 1790 1978 huis
1815 1918 2050 1978 gewandeld,
2078 1918 2139 1978 Van

453 1987 678 2047 Woustraat,
697 1987 1001 2047 Ceintuurbaan.
1023 1988 1112 2048 Ioen
1140 1990 1202 2050 heb
1232 1988 1259 2048 ik
1286 1989 1433 2049 gegeten
1463 1990 1498 2050 en
1528 1990 1658 2050 daarna
1683 1992 1767 2052 naar
1789 1990 1872 2050 bed.

444 2133 461 2193 9
487 2130 653 2190 augustus
673 2130 753 2190 1943
778 2131 957 2191 maandag

450 2198 616 2258 Vandaag
644 2201 666 2261 is
688 2201 869 2261 kapelaan
899 2201 1066 2261 Klaassen
1091 2202 1246 2262 geweest
1266 2202 1304 2262 en
1327 2202 1426 2262 heeft
1446 2204 1512 2264 mij
1532 2202 1590 2262 een
1615 2205 1748 2265 kruisje
1771 2205 1945 2265 gegeven.
1965 2205 2028 2265 Hij
2048 2205 2139 2265 vond

435 2270 506 2330 mij
528 2270 588 2330 een
615 2270 724 2330 stevig
754 2271 895 2331 meisje.
917 2272 947 2332 Ik
974 2272 1026 2332 lag
1056 2272 1088 2332 er
1111 2272 1178 2332 wel
1200 2273 1260 2333 een
1288 2273 1405 2333 beetje
1432 2274 1666 2334 oneerbiedig
1696 2273 1761 2333 bij,
1783 2274 1881 2334 want
1903 2275 1930 2335 ik
1960 2274 2031 2334 had
2056 2274 2137 2334 geen

436 2342 532 2402 huier
553 2342 634 2402 aan.
652 2344 681 2404 Ik
710 2345 797 2405 krijg
824 2345 885 2405 een
908 2345 1036 2405 bewijs
1057 2345 1118 2405 dat
1136 2345 1164 2405 ik
1194 2347 1360 2407 gedoopt
1381 2345 1468 2405 ben.
1486 2345 1517 2405 Ik
1547 2347 1608 2407 heb
1637 2347 1786 2407 heerlijk
1812 2345 1970 2405 andijvie
1996 2348 2141 2408 gegeten

441 2416 603 2476 vandaag
629 2414 703 2474 met
725 2415 783 2475 een
807 2416 923 2476 stukje
942 2416 1048 2476 boter
1067 2415 1104 2475 en
1128 2417 1154 2477 ik
1178 2419 1250 2479 had
1271 2417 1340 2477 nog
1364 2417 1430 2477 wel
1446 2417 1544 2477 meer
1563 2417 1695 2477 gelust;
1714 2419 1777 2479 ook
1804 2419 1865 2479 heb
1892 2420 1920 2480 ik
1947 2420 2005 2480 een
2030 2420 2141 2480 beetje

440 2488 627 2548 gekrabde
651 2489 739 2549 peen
771 2488 806 2548 op
838 2488 897 2548 een
923 2491 1067 2551 lepeltje
1090 2491 1225 2551 gehad,
1246 2490 1295 2550 erg
1322 2488 1459 2548 lekker.

439 2562 474 2622 In
507 2560 602 2620 stalié
632 2560 656 2620 is
681 2563 765 2623 alles
790 2563 1132 2623 oorlogstoestand.
1157 2565 1355 2625 Hamburg
1385 2565 1488 2625 moet
1513 2566 1733 2626 ontzettend
1758 2566 1915 2626 geweest
1937 2566 2024 2626 zijn.
2049 2566 2141 2626 Naar

444 2633 528 2693 men
555 2635 696 2695 vertelt,
710 2636 826 2696 liggen
853 2635 891 2695 de
913 2637 1108 2697 verkoolde
1127 2638 1238 2698 lijken
1265 2638 1300 2698 op
1327 2637 1503 2697 elkander
1520 2639 1722 2699 gestapeld,
1739 2638 1801 2698 het
1820 2638 1928 2698 water
1948 2638 2015 2698 was
2034 2638 2121 2698 warm

444 2706 510 2766 van
539 2708 576 2768 de
600 2708 772 2768 mensen,
791 2709 843 2769 die
867 2709 1060 2769 brandend
1085 2711 1113 2771 te
1137 2709 1246 2769 water
1265 2712 1468 2772 sprongen.
1487 2710 1683 2770 Hamburg
1712 2712 1812 2772 moet
1831 2712 1865 2772 zo
1892 2712 1985 2772 goed
2011 2712 2053 2772 als
2075 2710 2143 2770 ver¬

447 2781 604 2841 dwenen
629 2782 715 2842 zijn.
735 2783 810 2843 Het
832 2786 951 2846 aantal
971 2784 1201 2844 slachtoffers
1223 2784 1342 2844 wordt
1361 2784 1508 2844 geschat
1532 2784 1567 2844 op
1597 2783 1771 2843 187000.

442 2852 549 2912 Onze
575 2855 799 2915 poerenloge
827 2855 941 2915 speelt
963 2856 1038 2916 met
1060 2858 1229 2918 llukkie;
1252 2858 1282 2918 ze
1307 2858 1371 2918 zijn
1399 2858 1520 2918 samen
1551 2857 1604 2917 erg
1632 2855 1709 2915 dol.
1734 2858 1895 2918 Vandaag
1926 2858 1948 2918 is
1973 2858 2034 2918 het
2056 2856 2139 2916 weer

436 2926 504 2986 iets
530 2925 633 2985 beter
656 2927 693 2987 en
722 2927 772 2987 we
797 2928 944 2988 hadden
974 2928 1012 2988 om
1060 2927 1166 2987 zeven
1197 2930 1265 2990 uur
1288 2930 1528 2990 vanochtend
1553 2931 1791 2991 luchtalarm.
1816 2930 1871 2990 bij
1895 2930 1983 2990 onze
2008 2930 2122 2990 boven

439 2997 556 3057 buren
583 2999 727 3059 hebben
754 3001 786 3061 ze
811 3001 849 3061 de
874 3002 1020 3062 lampen
1047 3000 1107 3060 van
1137 3002 1174 3062 de
1199 3002 1267 3062 trap
1297 3002 1457 3062 gestolen
1485 3002 1522 3062 en
1552 3003 1590 3063 de
1612 3002 1766 3062 lampjes
1788 3003 1821 3063 er
1843 3005 1897 3065 uit
1916 3005 2103 3065 gedraaid.
