2479 3508
355 547 370 607 4
395 542 587 602 september
608 543 688 603 1943
715 542 875 602 zaterdag

362 612 594 672 Vanmorgen
622 612 730 672 stond
754 613 781 673 ik
808 613 838 673 al
857 613 938 673 heel
957 614 1060 674 vroeg
1084 614 1114 674 in
1141 616 1181 676 de
1203 616 1300 676 tuin,
1320 616 1349 676 al
1371 615 1406 675 om
1450 613 1563 673 negen
1590 614 1671 674 uur.
1690 614 1766 674 Cor
1785 614 1906 674 moest
1926 613 2050 673 offerte

349 686 482 746 maken
517 684 553 744 en
586 684 652 744 dus
679 685 747 745 was
777 686 814 746 de
846 685 923 745 hele
950 687 1088 747 familie
1117 686 1221 746 vroeg
1250 685 1303 745 bij
1330 686 1367 746 de
1396 686 1513 746 hand.
1537 685 1614 745 Het
1638 686 1707 746 was
1737 688 1795 748 een
1827 687 2050 747 schitterend

358 755 485 815 mooie
511 757 570 817 dag
596 757 774 817 vandaag.
794 757 825 817 Ik
851 759 915 819 heb
941 759 972 819 in
998 760 1085 820 mijn
1111 760 1179 820 bor
1205 760 1233 820 in
1262 761 1298 821 de
1321 761 1395 821 tuin
1426 759 1567 819 gezeten
1593 758 1630 818 en
1655 760 1822 820 gelegen.
1845 760 1899 820 We
1922 760 1986 820 zijn
2012 760 2049 820 na

355 829 420 889 het
445 826 518 886 eten
548 825 694 885 heerlijk
727 831 808 891 gaan
840 830 1051 890 wandelen,
1073 831 1217 891 hebben
1244 831 1298 891 bij
1320 831 1358 891 de
1388 832 1585 892 Apollohal
1610 831 1751 891 gezeten
1781 831 1818 891 en
1846 830 2030 890 theesurro

357 901 441 961 gaat
460 900 693 960 gedronken,
714 903 788 963 met
809 901 867 961 een
894 904 1084 964 surrogaat
1103 903 1388 963 suikerklontje.
1404 903 1446 963 Er
1471 904 1536 964 was
1558 906 1642 966 geen
1669 903 1748 963 reuk
1777 903 1811 963 of
1830 906 1949 966 smaak
1978 904 2055 964 aan¬

354 973 484 1033 Entin,
504 972 551 1032 we
576 972 723 1032 hebben
748 975 895 1035 gezeten
923 975 959 1035 en
987 976 1054 1036 zijn
1085 977 1212 1037 daarna
1240 976 1301 1036 het
1324 975 1551 1035 Beatrixpark
1582 977 1612 1037 in
1640 978 1796 1038 gegaan.
1813 977 1846 1037 Ik
1877 976 1962 1036 deed
1993 975 2051 1035 alle

349 1046 550 1106 mogelijke
575 1045 708 1105 moeite
736 1046 774 1106 om
817 1046 893 1106 niet
915 1048 942 1108 in
970 1049 1059 1109 slaap
1090 1049 1116 1109 te
1141 1049 1274 1109 vallen,
1294 1049 1394 1109 maar
1413 1049 1584 1109 eindelijk
1612 1047 1731 1107 moest
1754 1047 1778 1107 ik
1805 1047 1868 1107 het
1890 1048 2047 1108 opgeven

349 1120 393 1180 en
420 1118 597 1178 sukkelde
624 1118 651 1178 ik
681 1118 711 1178 in
738 1121 852 1181 slaap.
875 1121 997 1181 Straks
1021 1121 1059 1181 om
1106 1121 1174 1181 tien
1204 1122 1271 1182 uur
1296 1124 1380 1184 krijg
1411 1124 1437 1184 ik
1468 1124 1554 1184 mijn
1585 1122 1647 1182 pap
1680 1122 1718 1182 en
1748 1121 1810 1181 dan
1843 1121 1941 1181 maar
1966 1119 2050 1179 weer

349 1193 474 1253 kijken
502 1193 569 1253 hoe
594 1193 678 1253 alles
698 1193 820 1253 loopt.
842 1193 885 1253 Er
907 1193 932 1253 is
956 1194 1016 1254 een
1044 1196 1141 1256 grote
1169 1196 1340 1256 formatie
1362 1194 1710 1254 bommenwerpers
1732 1196 1819 1256 naar
1841 1196 1969 1256 Bersijn
1999 1193 2050 1253 ge¬

354 1261 480 1321 weest,
500 1264 534 1324 er
557 1264 643 1324 werd
675 1264 741 1324 wat
764 1265 961 1325 geschoten
988 1267 1190 1327 vannacht,
1208 1269 1309 1329 maar
1329 1267 1405 1327 niet
1425 1267 1459 1327 zo
1484 1269 1568 1329 heel
1585 1269 1654 1329 ers.

352 1416 362 1476 5
386 1408 579 1468 september
598 1407 681 1467 1943
706 1408 840 1468 zondag

357 1481 390 1541 Ik
414 1479 479 1539 ben
506 1479 558 1539 tzo
585 1479 661 1539 gram
707 1481 981 1541 aangekomen.
997 1480 1076 1540 Het
1092 1481 1117 1541 is
1136 1484 1293 1544 vandaag
1317 1482 1464 1542 heerlijk
1489 1482 1621 1542 zonnig
1646 1482 1735 1542 weer
1754 1481 1789 1541 en
1817 1480 1844 1540 ik
1868 1480 1930 1540 heb
1958 1480 2039 1540 heer

357 1551 416 1611 lijk
447 1551 529 1611 inde
558 1551 633 1611 tuin
664 1550 827 1610 gestaan.
858 1551 912 1611 We
938 1553 1002 1613 zijn
1033 1553 1118 1613 naar
1142 1554 1317 1614 mevrouw
1359 1553 1488 1613 Gielen
1519 1551 1671 1611 geweest
1697 1551 1733 1611 en
1765 1553 1847 1613 daar
1873 1553 1940 1613 was
1969 1552 2053 1612 onze

356 1624 437 1684 loge
461 1622 594 1682 Pijltje.
612 1620 678 1680 Hij
700 1622 769 1682 had
790 1623 854 1683 zijn
881 1623 1008 1683 pootje
1032 1624 1213 1684 gebroken
1241 1623 1276 1683 en
1301 1622 1364 1682 het
1386 1625 1452 1685 was
1473 1625 1651 1685 gespalkt.
1672 1625 1687 1685 's
1712 1625 1887 1685 Middags
1908 1625 2050 1685 hebben

352 1694 408 1754 we
432 1694 514 1754 even
544 1695 666 1755 gerust
688 1697 723 1757 en
752 1697 877 1757 verder
896 1697 960 1757 heb
989 1697 1016 1757 ik
1042 1698 1074 1758 in
1104 1700 1141 1760 de
1165 1700 1239 1760 tuin
1269 1697 1431 1757 gelegen.

356 1840 374 1900 6
398 1840 589 1900 september
607 1840 689 1900 1943
713 1843 891 1903 maandag

357 1912 514 1972 Morgen
543 1912 644 1972 moet
665 1912 752 1972 mijn
778 1913 900 1973 wagen
926 1915 1016 1975 weg,
1037 1915 1096 1975 dat
1115 1915 1140 1975 is
1161 1915 1226 1975 wel
1247 1915 1327 1975 heel
1348 1915 1394 1975 erg
1423 1915 1590 1975 jammer,
1609 1914 1709 1974 maar
1728 1914 1761 1974 er
1782 1914 1805 1974 is
1826 1915 1916 1975 niets
1942 1915 1996 1975 aan
2025 1917 2051 1977 te

357 1985 453 2045 doen
479 1984 515 2044 en
541 1984 602 2044 het
621 1985 729 2045 ergste
753 1987 791 2047 is,
810 1987 871 2047 dat
887 1987 921 2047 er
939 1988 1021 2048 geen
1048 1985 1169 2045 wagen
1195 1986 1218 2046 is
1236 1987 1265 2047 te
1286 1989 1443 2049 krijgen,
1461 1988 1497 2048 of
1513 1987 1575 2047 het
1593 1985 1696 2045 moet
1715 1984 1745 2044 er
1764 1984 1823 2044 een
1849 1986 1906 2046 van
1934 1990 2053 2050 papier

355 2059 445 2119 zijn.
461 2058 493 2118 lk
521 2058 588 2118 doe
610 2058 711 2118 trouw
749 2060 836 2120 mijn
863 2060 972 2120 plasje
996 2060 1031 2120 op
1061 2058 1145 2118 mijn
1173 2058 1213 2118 po
1244 2059 1279 2119 en
1303 2061 1330 2121 ik
1360 2060 1460 2120 word
1482 2058 1539 2118 een
1564 2058 1689 2118 lekker
1708 2060 1762 2120 dik
1790 2060 1930 2120 meisje.
1947 2061 2055 2121 Greet

353 2127 381 2187 is
402 2127 452 2187 etg
483 2127 566 2187 moe
590 2125 627 2185 en
656 2126 689 2186 er
708 2127 817 2187 komt
838 2129 914 2189 niet
935 2130 1013 2190 veel
1032 2129 1057 2189 in
1086 2128 1175 2188 mijn
1204 2127 1389 2187 dagboek.

357 2198 407 2258 Le
431 2197 495 2257 zijn
524 2199 712 2259 vannacht
731 2199 816 2259 naar
837 2199 1031 2259 Minchen
1058 2196 1214 2256 geweest
1235 2198 1273 2258 en
1297 2199 1360 2259 het
1379 2199 1403 2259 is
1424 2199 1509 2259 Hink
1538 2199 1872 2259 gebombardeerd.

359 2264 406 2324 tt
434 2269 458 2329 is
486 2270 569 2330 geen
603 2268 752 2328 groente
783 2270 810 2330 te
841 2270 976 2330 krijgen
1010 2270 1048 2330 en
1082 2270 1148 2330 ook
1182 2270 1264 2330 geen
1301 2269 1561 2329 aardappelen.
1589 2267 1630 2327 Er
1656 2268 1722 2328 zijn
1755 2270 1907 2330 bonnen
1938 2273 2051 2333 geldig

357 2339 540 2399 verklaard
570 2341 659 2401 voor
681 2339 788 2399 vlees,
808 2342 906 2402 maar
931 2340 1023 2400 vlees
1043 2340 1067 2400 is
1091 2339 1122 2399 er
1144 2339 1234 2399 niet.

360 2486 376 2546 7
398 2482 589 2542 september
611 2485 693 2545 1943
718 2485 860 2545 dinsdag

351 2557 447 2617 Mijn
479 2554 601 2614 wagen
628 2554 654 2614 is
677 2557 831 2617 gehaald
858 2554 895 2614 en
922 2555 951 2615 ik
980 2557 1044 2617 heb
1073 2557 1102 2617 in
1131 2557 1222 2617 mijn
1248 2554 1448 2614 ledikantje
1475 2557 1600 2617 buiten
1630 2554 1795 2614 gelegen.
1816 2555 1871 2615 De
1897 2556 2057 2616 slaapka¬

357 2629 439 2689 mer
463 2629 582 2689 wordt
603 2629 741 2689 schoon
773 2632 945 2692 gemaakt
967 2631 1003 2691 en
1033 2629 1096 2689 het
1117 2629 1144 2689 is
1165 2629 1226 2689 een
1255 2629 1438 2689 vreselijke
1465 2629 1597 2689 herrie.
1618 2627 1769 2687 Plukkie
1794 2629 1902 2689 loopt
1926 2629 1971 2689 als
1995 2630 2050 2690 een

354 2703 453 2763 dolle
476 2701 564 2761 heen
590 2700 628 2760 en
654 2700 759 2760 weer.
776 2702 804 2762 Ik
832 2703 895 2763 heb
923 2702 1048 2762 lekker
1065 2701 1254 2761 geslapen.
1274 2703 1315 2763 At
1338 2703 1373 2763 en
1399 2703 1454 2763 toe
1480 2701 1624 2761 dreigde
1646 2703 1707 2763 het
1727 2703 1755 2763 te
1777 2703 1860 2763 gaan
1888 2705 2060 2765 regenen,

353 2776 457 2836 maar
479 2775 648 2835 gelukkig
676 2775 743 2835 was
766 2775 828 2835 dat
847 2775 924 2835 niet
943 2775 1005 2835 het
1025 2777 1139 2837 geval,
1159 2777 1257 2837 want
1279 2775 1360 2835 alles
1382 2775 1492 2835 stond
1514 2776 1661 2836 huiten.

353 2848 397 2908 tr
425 2847 490 2907 zijn
524 2847 617 2907 weer
643 2847 729 2907 geen
763 2849 939 2909 groenten
973 2850 1011 2910 en
1045 2851 1084 2911 de
1113 2849 1265 2909 mensen
1297 2849 1434 2909 krijgen
1468 2849 1556 2909 voor
1585 2851 1657 2911 drie
1686 2850 1867 2910 personen
1899 2849 1958 2909 een
1995 2849 2059 2909 ons

356 2921 469 2981 vlees.
488 2921 566 2981 Het
588 2921 610 2981 is
635 2923 715 2983 alles
737 2921 939 2981 hopeloos.

354 2996 448 3056 Mijn
477 2998 634 3058 haartjes
654 2996 800 3056 groeien
826 2996 951 3056 lekker
972 2996 1009 3056 en
1035 2997 1063 3057 ik
1092 2999 1140 3059 zie
1164 2999 1232 3059 nog
1255 2999 1403 3059 heerlijk
1430 2996 1558 3056 bruin.

1948 3220 2004 3280 99
