2479 3508
439 337 475 397 23
500 336 693 396 september
713 337 795 397 1943
823 337 1022 397 donderdag

436 407 472 467 lk
503 407 566 467 heb
600 407 758 467 vandaag
789 407 959 467 gelukkig
990 406 1081 466 weer
1104 407 1165 467 een
1196 408 1318 468 wagen
1349 407 1546 467 gekregen,
1569 407 1629 467 van
1660 407 1777 467 kleine
1808 409 1858 469 Jan
1892 408 1947 468 uit
1972 409 2144 469 Bussum:

437 479 493 539 hij
511 481 610 541 heeft
630 479 718 539 mijn
747 482 1005 542 sportkarretje
1031 481 1065 541 en
1094 482 1122 542 ik
1148 482 1213 542 zijn
1242 479 1384 539 wagen.
1407 479 1464 539 We
1487 479 1631 539 hebben
1657 479 1782 539 lekker
1802 479 1884 539 even
1913 482 2143 542 gewandeld,

436 553 633 613 vanavond
661 553 701 613 na
729 552 792 612 het
815 552 891 612 eten
922 553 959 613 en
990 554 1018 614 ik
1048 554 1114 614 was
1139 552 1202 612 het
1225 552 1286 612 een
1314 552 1623 612 koninginnetje.
1651 554 1734 614 Loen
1768 552 1828 612 wij
1851 554 1947 614 thuis
1970 554 2134 614 kwamen

438 625 506 685 heb
536 625 563 685 ik
588 625 734 685 heerlijk
764 625 932 685 gegeten,
954 626 1011 686 een
1038 625 1147 685 plasje
1172 628 1302 688 gedaan
1335 627 1369 687 op
1402 625 1440 685 de
1462 625 1505 685 po
1536 625 1571 685 en
1601 627 1731 687 daarna
1755 627 1840 687 naar
1859 625 1945 685 mijn
1973 625 2095 685 bedje.

435 772 476 832 24
502 769 692 829 september
715 771 798 831 1943
823 772 955 832 vrijdag

447 837 509 897 We
536 840 601 900 zijn
631 840 714 900 heel
735 840 838 900 vroeg
868 843 953 903 naar
975 843 1042 903 bed
1072 846 1226 906 gegaan,
1247 843 1362 903 nadat
1383 841 1412 901 ik
1443 841 1504 901 pap
1537 843 1608 903 had
1638 843 1771 903 gehad.
1792 843 1824 903 Ik
1854 845 1937 905 ging
1964 842 2049 902 naar
2073 841 2135 901 bed

438 912 576 972 omdat
601 914 676 974 Cor
704 912 777 972 zich
807 913 991 973 helemaal
1013 916 1088 976 niet
1113 913 1243 973 prettig
1273 913 1416 973 voelde.
1444 915 1498 975 Om
1544 915 1663 975 kwart
1688 914 1769 974 over
1793 915 1907 975 negen
1937 915 2037 975 lagen
2072 915 2134 975 ook

437 985 520 1045 Cor
542 985 578 1045 en
606 986 717 1046 Greet
737 986 767 1046 in
793 986 881 1046 bed.
904 988 976 1048 Oor
996 987 1095 1047 heeft
1118 985 1198 1045 over
1221 987 1373 1047 gegeven
1402 986 1440 1046 en
1466 987 1565 1047 heeft
1585 987 1696 1047 zware
1719 987 1938 1047 hoofdpijn.

436 1057 497 1117 De
525 1057 700 1117 Duitsers
722 1057 864 1117 vliegen
894 1058 911 1118 's
936 1060 1070 1120 nachts
1095 1058 1397 1118 verschrikkelijk
1426 1058 1500 1118 laag
1531 1058 1615 1118 over
1643 1058 1681 1118 de
1707 1058 1862 1118 huizen.
1885 1061 1929 1121 Er
1951 1060 2018 1120 zijn
2051 1056 2140 1116 weer

435 1130 579 1190 diverse
604 1133 813 1193 Hollandse
838 1133 1077 1193 jongelieden
1104 1133 1158 1193 ter
1178 1133 1281 1193 dood
1303 1133 1550 1193 veroordeeld
1572 1133 1610 1193 en
1638 1133 1703 1193 het
1720 1133 1858 1193 vonnis
1877 1133 1904 1193 is
1926 1133 1959 1193 al
1978 1133 2116 1193 voltrok

436 1201 540 1261 ken.

439 1271 501 1331 We
526 1275 591 1335 zijn
621 1273 702 1333 even
732 1276 849 1336 wezen
879 1276 1067 1336 wandelen
1094 1276 1338 1336 vanmiddag,
1361 1278 1398 1338 en
1423 1276 1569 1336 hebben
1600 1276 1681 1336 even
1708 1276 1814 1336 boter
1836 1277 2004 1337 gehaald.
2024 1278 2050 1338 f.
2070 1277 2127 1337 22.

429 1345 496 1405 een
523 1348 642 1408 pond.
664 1347 717 1407 De
742 1348 893 1408 mensen
920 1348 1054 1408 vinden
1081 1350 1147 1410 mij
1169 1348 1228 1408 een
1255 1348 1366 1408 wolk.
1385 1350 1430 1410 En
1460 1350 1489 1410 ik
1516 1350 1639 1410 geniet
1660 1348 1690 1408 in
1719 1349 1756 1409 de
1781 1351 1924 1411 wagen.

426 1491 460 1551 25
485 1491 680 1551 september
702 1490 785 1550 1943
812 1491 978 1551 zaterdag

430 1560 511 1620 Het
533 1561 634 1621 heeft
659 1562 816 1622 vandaag
849 1563 925 1623 veel
948 1564 1127 1624 geregend
1155 1566 1193 1626 en
1223 1566 1305 1626 toch
1335 1566 1397 1626 heb
1430 1563 1457 1623 ik
1488 1563 1615 1623 buiten
1646 1566 1787 1626 gestaan
1817 1566 1847 1626 in
1880 1566 1918 1626 de
1946 1565 2068 1625 wagen
2098 1565 2136 1625 en

430 1631 462 1691 ik
492 1633 552 1693 heb
582 1632 707 1692 lekker
729 1633 895 1693 geslapen
925 1635 1012 1695 ook.
1031 1636 1140 1696 Lante
1165 1637 1317 1697 Gonnie
1342 1637 1380 1697 en
1407 1634 1489 1694 Oom
1541 1634 1614 1694 Wim
1660 1637 1723 1697 zijn
1753 1636 1908 1696 geweest
1930 1637 1965 1697 en
1993 1635 2028 1695 ze
2052 1632 2139 1692 von-

435 1706 504 1766 den
530 1706 618 1766 mijn
647 1706 748 1766 kleur
770 1709 807 1769 en
836 1708 921 1768 mijn
951 1707 1041 1767 ogen
1065 1707 1169 1767 stout
1190 1711 1227 1771 en
1254 1710 1413 1770 gezond.
1435 1709 1464 1769 Ik
1493 1709 1557 1769 heb
1586 1710 1799 1770 geschaterd
1823 1709 1905 1769 toen
1932 1709 1967 1769 ze
1991 1711 2065 1771 met
2086 1710 2137 1770 me

430 1778 645 1838 Speelden.

429 1852 623 1912 Smolensk
650 1852 675 1912 is
694 1852 724 1912 in
748 1854 895 1914 handen
920 1852 983 1912 van
1010 1852 1045 1912 de
1068 1854 1228 1914 Russen,
1245 1853 1329 1913 daar
1346 1855 1428 1915 gaat
1444 1855 1507 1915 het
1526 1855 1558 1915 zo
1583 1855 1689 1915 hard.
1709 1855 1910 1915 Duitsland
1932 1855 1957 1915 is
1976 1855 2066 1915 weer
2085 1850 2139 1910 ge

430 1921 728 1981 bombardeerd.
747 1921 781 1981 In
809 1921 906 1981 stali
931 1921 1057 1981 woedt
1079 1923 1138 1983 een
1163 1923 1291 1983 hevige
1314 1923 1433 1983 strijd.
1467 1924 1550 1984 Hoe
1573 1924 1654 1984 lang
1682 1925 1765 1985 deze
1788 1924 2016 1984 gigantische
2039 1924 2136 1984 strijd

438 1993 527 2053 toch
557 1993 611 2053 zal
633 1991 767 2051 duren.

427 2060 475 2120 Er
504 2058 527 2118 is
555 2060 649 2120 weer
675 2061 761 2121 geen
796 2062 886 2122 vlees
915 2063 944 2123 te
975 2064 1132 2124 krijgen,
1161 2064 1269 2124 alleen
1301 2064 1332 2124 in
1364 2061 1518 2121 bussen.
1550 2062 1621 2122 Wij
1647 2064 1792 2124 hebben
1824 2065 1984 2125 vandaag
2018 2067 2135 2127 paling

430 2130 460 2190 f.
480 2133 652 2193 5.hop.p.
677 2133 769 2193 Voor
792 2132 941 2192 morgen
967 2133 1112 2193 hebben
1137 2133 1187 2193 we
1212 2134 1276 2194 ook
1304 2134 1351 2194 vis
1373 2133 1412 2193 en
1440 2133 1613 2193 gerookte
1638 2135 1777 2195 paling,
1797 2136 1897 2196 baars
1953 2136 1980 2196 l.
1997 2137 2047 2197 2.-
2067 2137 2141 2197 p.p.

430 2205 592 2265 Morgen
619 2204 705 2264 gaan
734 2202 779 2262 we
807 2205 852 2265 als
874 2205 938 2265 het
957 2205 1047 2265 goed
1074 2205 1165 2265 weer
1187 2205 1210 2265 is
1232 2207 1318 2267 naar
1342 2207 1446 2267 lante
1473 2206 1641 2266 Hennie.

432 2348 469 2408 26
497 2348 691 2408 september
710 2348 793 2408 1943
818 2351 953 2411 zondag

430 2420 466 2480 lk
497 2420 588 2480 weeg
619 2420 716 2480 bijna
744 2420 772 2480 is
803 2422 925 2482 pond,
945 2423 1048 2483 maar
1067 2423 1098 2483 ik
1126 2423 1192 2483 ben
1223 2423 1290 2483 ook
1324 2423 1354 2483 ca
1382 2423 1396 2483 6
1429 2423 1460 2483 em
1507 2423 1632 2483 langer
1658 2423 1721 2483 dan
1752 2423 1813 2483 een
1841 2426 2017 2486 normaal
2036 2424 2142 2484 kind.

430 2494 527 2554 Mijn
558 2494 689 2554 eetlust
711 2494 736 2554 is
761 2494 822 2554 dan
856 2495 920 2555 ook
951 2496 1193 2556 formidabel.
1215 2496 1246 2556 Ik
1274 2494 1444 2554 schreeuw
1486 2494 1658 2554 wanneer
1681 2494 1767 2554 mijn
1798 2495 1926 2555 bordje
1948 2496 2020 2556 leeg
2048 2494 2073 2554 is
2096 2494 2129 2554 en

427 2568 459 2628 ik
488 2568 552 2628 heb
585 2566 683 2626 graag
713 2567 771 2627 een
800 2568 902 2628 korst
923 2569 1059 2629 brood,
1083 2569 1179 2629 want
1203 2567 1316 2627 Greet
1337 2566 1374 2626 en
1404 2566 1482 2626 Cor
1503 2569 1596 2629 laten
1625 2569 1724 2629 altijd
1748 2569 1870 2629 brood
1891 2569 2056 2629 bakken.
2083 2567 2147 2627 We

429 2641 497 2701 zijn
527 2641 674 2701 heerlijk
704 2641 821 2701 wezen
851 2641 1061 2701 wandelen.
1086 2641 1161 2701 Het
1181 2640 1281 2700 heeft
1303 2639 1371 2699 wel
1391 2641 1461 2701 wat
1483 2638 1665 2698 geregend
1690 2642 1869 2702 vandaag,
1892 2643 1992 2703 maar
2017 2643 2131 2703 tussen

433 2712 475 2772 de
500 2713 636 2773 buitjes
662 2712 752 2772 door
786 2712 856 2772 was
876 2714 941 2774 het
961 2714 1023 2774 vrij
1046 2713 1156 2773 goed.

438 2858 475 2918 27
499 2856 689 2916 september
711 2858 791 2918 1943
818 2859 994 2919 maandag

444 2925 502 2985 We
527 2930 591 2990 zijn
619 2930 701 2990 naar
724 2930 762 2990 de
788 2933 1048 2993 Leidsegracht
1067 2927 1236 2987 geweest,
1253 2930 1316 2990 het
1336 2930 1402 2990 was
1425 2930 1588 2990 prachtig
1613 2928 1704 2988 weer
1724 2930 1804 2990 toen
1832 2930 1889 2990 wij
1909 2936 2141 2996 weggingen,

433 3005 539 3065 maar
565 3002 645 3062 toen
677 3002 725 3062 we
754 3002 852 3062 terug
886 3002 1015 3062 gingen
1047 3003 1189 3063 werden
1220 3002 1279 3062 wij
1306 3002 1505 3062 overvallen
1539 3002 1629 3062 door
1658 2999 1717 3059 een
1746 3002 1911 3062 storthui
1948 3002 2025 3062 Het
2049 3003 2142 3063 bleef

429 3073 590 3133 tegenen
616 3076 737 3136 totdat
760 3076 808 3136 we
834 3076 932 3136 thuis
955 3076 1089 3136 waren,
1109 3076 1190 3136 toen
1221 3076 1317 3136 werd
1340 3076 1400 3136 het
1423 3076 1534 3136 droog
1563 3076 1598 3136 en
1626 3076 1722 3136 werd
1747 3076 1772 3136 ik
1803 3077 1831 3137 in
1861 3078 1899 3138 de
1924 3076 1998 3136 tuin
2028 3077 2139 3137 gezet.

478 3225 558 3285 104
