2479 3508
352 324 385 384 lk
415 324 477 384 heb
510 324 657 384 heerlijk
684 324 815 384 bruine
839 323 1016 383 boontjes
1038 322 1114 382 met
1136 324 1234 384 roete
1262 322 1438 382 appeltjes
1463 324 1610 384 gegeten
1640 324 1675 384 en
1705 324 1765 384 pap
1798 324 1874 384 toe.
1896 324 1969 384 Dat
1991 324 2056 384 was

347 395 381 455 al
401 395 499 455 klaar
522 392 679 452 voordat
700 392 745 452 we
772 392 1007 452 weggingen.
1030 395 1084 455 Om
1127 395 1204 455 half
1228 395 1308 455 acht
1325 395 1377 455 lag
1403 395 1431 455 ik
1457 395 1489 455 in
1515 395 1600 455 bed.

353 539 389 599 28
417 539 612 599 september
635 538 715 598 1943
744 539 888 599 dinsdag

366 610 559 670 Vannacht
580 608 644 668 ben
676 609 701 669 ik
732 610 799 670 wel
820 610 887 670 wat
913 611 1075 671 onrustig
1104 610 1269 670 geweest,
1292 608 1351 668 een
1380 610 1465 670 paar
1486 609 1568 669 keer
1591 610 1748 670 wakker.
1769 610 1844 670 Cor
1867 610 1890 670 is
1914 610 1947 670 er
1971 611 2055 671 voor

352 682 423 742 mij
446 684 499 744 uit
523 679 690 739 geweest.
713 682 789 742 Het
810 682 912 742 heeft
935 685 1088 745 gegoten
1117 685 1156 745 de
1179 684 1259 744 hele
1285 684 1350 744 dag
1376 683 1412 743 en
1441 682 1503 742 het
1526 682 1594 742 was
1620 685 1912 745 verschrikkelijk
1941 688 2060 748 koud.

354 757 524 817 ledereen
551 755 747 815 bibberde.
766 756 794 816 Ik
824 756 887 816 heb
917 754 1007 814 eerst
1026 756 1108 816 even
1135 757 1259 817 buiten
1286 757 1448 817 gestaan,
1467 757 1567 817 maar
1589 757 1649 817 het
1671 757 1737 817 was
1759 758 1793 818 zo
1820 759 1925 819 guut,
1944 760 2002 820 dat
2024 760 2053 820 ze

354 829 412 889 me
439 826 577 886 binnen
606 828 781 888 haalden.
803 826 879 886 Het
903 826 969 886 was
996 826 1054 886 een
1084 828 1184 888 echte
1211 828 1413 888 herfstdag,
1434 829 1527 889 storm
1575 830 1614 890 en
1641 828 1766 888 regen.
1787 830 1893 890 Maar
1915 831 2052 891 binnen

353 900 523 960 brandde
549 900 586 960 de
609 900 719 960 haard
742 900 887 960 heerlijk
916 900 953 960 en
979 900 1044 960 heb
1070 901 1098 961 ik
1124 901 1249 961 lekker
1272 902 1305 962 op
1337 903 1377 963 de
1400 903 1499 963 divan
1531 902 1673 962 gelegen
1701 901 1738 961 en
1764 902 1826 962 heb
1855 903 1880 963 ik
1909 903 1937 963 in
1966 903 2051 963 mijn

359 973 508 1033 stoeltje
533 972 701 1032 gezeten.

354 1120 393 1180 29
417 1119 609 1179 september
630 1118 711 1178 1943
734 1118 916 1178 woensdag

365 1189 531 1249 Vandaag
566 1189 636 1249 was
668 1189 749 1249 Opa
784 1192 987 1252 Hennekam
1039 1193 1123 1253 jarig
1158 1193 1194 1253 en
1229 1190 1294 1250 zijn
1331 1189 1387 1249 wij
1416 1192 1503 1252 naar
1532 1190 1571 1250 de
1603 1193 1863 1253 Leidsegracht
1892 1192 2058 1252 geweest.

360 1262 476 1322 Jantje
501 1261 562 1321 van
593 1261 698 1321 Lante
723 1263 855 1323 fannie
897 1261 963 1321 was
989 1262 1022 1322 er
1044 1264 1107 1324 ook
1138 1264 1174 1324 en
1202 1264 1301 1324 heeft
1321 1263 1373 1323 bij
1390 1262 1456 1322 mij
1476 1262 1506 1322 in
1534 1262 1575 1322 de
1598 1264 1719 1324 wagen
1747 1264 1911 1324 gezeten.
1933 1264 1980 1324 Ja,
1999 1264 2057 1324 het

360 1331 431 1391 was
454 1336 620 1396 eigenlijk
648 1335 711 1395 zijn
739 1336 860 1396 wagen
889 1336 924 1396 en
952 1336 1004 1396 hij
1021 1336 1090 1396 kon
1118 1336 1193 1396 niet
1215 1336 1428 1396 verdragen,
1448 1338 1508 1398 dat
1528 1336 1553 1396 ik
1584 1336 1616 1396 er
1636 1336 1664 1396 in
1692 1336 1747 1396 zat
1766 1336 1802 1396 en
1830 1337 1857 1397 ik
1883 1337 1999 1397 begon
2029 1339 2054 1399 te

359 1407 563 1467 brommen
594 1407 653 1467 dat
673 1407 727 1467 hij
747 1407 798 1467 bij
818 1408 883 1468 mij
906 1410 1004 1470 kwam
1050 1407 1180 1467 zitten.
1200 1410 1265 1470 Hij
1285 1410 1384 1470 lacht
1407 1410 1509 1470 altijd
1532 1408 1568 1468 en
1597 1407 1625 1467 ik
1653 1407 1721 1467 kijk
1752 1407 1868 1467 steeds
1891 1408 1998 1468 boos.
2019 1410 2049 1470 Ik

355 1481 421 1541 heb
449 1478 510 1538 een
532 1479 633 1539 halve
655 1481 819 1541 eierkoek
847 1482 994 1542 gegeten
1020 1482 1072 1542 bij
1089 1482 1186 1542 Oma
1212 1482 1245 1542 en
1273 1483 1334 1543 dat
1351 1482 1445 1542 vond
1470 1482 1495 1542 ik
1523 1483 1576 1543 erg
1596 1482 1735 1542 lekker.
1749 1482 1827 1542 Het
1844 1482 1913 1542 was
1933 1482 2057 1542 prach

361 1553 406 1613 tig
436 1552 567 1612 zonnig
597 1551 688 1611 weer
708 1552 746 1612 en
776 1554 859 1614 over
882 1554 1015 1614 tweeen
1046 1555 1159 1615 waren
1189 1557 1247 1617 wij
1270 1556 1381 1616 thuis;
1401 1557 1481 1617 toen
1512 1557 1575 1617 heb
1605 1556 1633 1616 ik
1663 1555 1809 1615 gegeten
1839 1555 1877 1615 en
1905 1554 2000 1614 werd
2023 1554 2051 1614 in

362 1624 404 1684 de
427 1622 500 1682 tuin
529 1625 642 1685 gezet.
659 1625 690 1685 Ik
716 1625 778 1685 heb
807 1623 877 1683 nog
903 1625 985 1685 geen
1011 1628 1152 1688 tandjes
1172 1628 1209 1688 en
1235 1628 1263 1688 ik
1286 1628 1373 1688 krijg
1399 1628 1461 1688 ook
1489 1628 1574 1688 geen
1597 1625 1759 1685 krullen.
1779 1625 1793 1685 's
1816 1625 1994 1685 Morgens
2017 1625 2056 1685 als

354 1696 420 1756 het
439 1695 503 1755 nat
522 1697 545 1757 is
569 1697 633 1757 dan
662 1697 761 1757 krult
782 1697 867 1757 mijn
896 1697 992 1757 haar,
1011 1699 1111 1759 maar
1133 1697 1157 1757 is
1178 1698 1239 1758 het
1261 1700 1369 1760 droog
1399 1699 1462 1759 dan
1492 1697 1515 1757 is
1537 1696 1598 1756 het
1617 1696 1710 1756 weer
1728 1694 1813 1754 stijl.

366 1769 562 1829 Vannacht
586 1769 649 1829 zijn
681 1767 715 1827 er
740 1767 829 1827 weer
854 1770 988 1830 razzias
1012 1771 1211 1831 gehouden
1243 1772 1279 1832 op
1314 1772 1441 1832 Joodse
1468 1771 1640 1831 mensen,
1664 1769 1745 1829 zelts
1772 1771 1830 1831 van
1865 1772 1902 1832 de
1931 1769 2055 1829 Joodse

359 1840 461 1900 Raad
489 1840 553 1900 zijn
586 1840 618 1900 ze
648 1839 941 1899 meegenomen.
966 1842 1047 1902 Crof
1074 1843 1215 1903 Echen:
1245 1843 1280 1903 en
1312 1843 1466 1903 Asscher
1491 1840 1526 1900 en
1559 1841 1624 1901 ook
1659 1843 1746 1903 onze
1773 1840 1892 1900 kleine
1919 1842 2055 1902 lientje

351 1903 380 1963 is
405 1908 497 1968 weer
521 1912 670 1972 gehaald
697 1912 774 1972 met
795 1913 880 1973 haar
902 1915 1058 1975 moeder
1080 1915 1119 1975 en
1146 1915 1199 1975 zal
1221 1913 1497 1973 waarschijnlijk
1529 1912 1606 1972 niet
1627 1915 1725 1975 meer
1747 1912 1983 1972 terugkeren.
2007 1913 2055 1973 De

361 1984 477 2044 huren
503 1984 650 2044 moeten
677 1984 831 2044 tekenen
860 1987 919 2047 dat
940 1987 973 2047 er
992 1989 1084 2049 niets
1105 1987 1159 2047 uit
1180 1987 1219 2047 de
1245 1987 1369 2047 Joodse
1395 1987 1594 2047 woningen
1620 1987 1772 2047 gehaald
1793 1987 1870 2047 mag
1896 1987 2061 2047 worden.

363 2055 439 2115 Alle
463 2055 613 2115 mensen
641 2055 756 2115 waren
786 2058 901 2118 onder
923 2060 960 2120 de
985 2061 1115 2121 indruk
1147 2059 1392 2119 vanmorgen,
1412 2058 1493 2118 toen
1523 2058 1560 2118 de
1587 2059 1697 2119 trams
1720 2055 1811 2115 weer
1831 2056 1889 2116 vol
1909 2058 2054 2118 geladen

361 2126 538 2186 werden.

364 2198 545 2258 Voortaan
576 2199 708 2259 mogen
736 2199 979 2259 bruidsparen
1005 2201 1106 2261 maar
1132 2199 1191 2259 van
1220 2199 1282 2259 een
1311 2199 1417 2259 paard
1445 2199 1592 2259 gebruik
1624 2199 1753 2259 maken
1782 2199 1869 2259 voor
1895 2200 1934 2260 de
1957 2199 2058 2259 koets

356 2269 396 2329 en
426 2271 526 2331 maar
550 2267 609 2327 van
640 2267 727 2327 twee
753 2269 1034 2329 volgrijtuigen.

352 2414 390 2474 30
415 2411 609 2471 september
631 2411 712 2471 1943
740 2411 943 2471 donderdag

357 2481 393 2541 lk
421 2479 520 2539 word
546 2479 604 2539 een
629 2481 720 2541 klein
748 2481 967 2541 driftkopje.
984 2482 1056 2542 Een
1081 2482 1248 2542 biscuitje
1273 2479 1328 2539 wil
1348 2479 1375 2539 ik
1401 2479 1492 2539 niet,
1512 2479 1572 2539 dat
1589 2481 1692 2541 smijt
1709 2481 1736 2541 ik
1764 2481 1844 2541 over
1867 2482 1905 2542 de
1928 2482 2061 2542 grond.

359 2556 396 2616 lk
427 2553 489 2613 heb
523 2552 744 2612 ontzettend
770 2554 951 2614 gedrensd
977 2554 1016 2614 en
1045 2555 1073 2615 ik
1105 2554 1201 2614 werd
1224 2554 1308 2614 heel
1331 2554 1382 2614 erg
1414 2554 1552 2614 driftig.
1572 2554 1606 2614 Ik
1638 2554 1737 2614 kreeg
1771 2554 1830 2614 van
1862 2554 1975 2614 Greet
1998 2554 2054 2614 een

364 2629 451 2689 paar
471 2629 575 2689 tikjes
599 2628 633 2688 op
662 2628 749 2688 mijn
775 2627 871 2687 bips.
891 2630 966 2690 Dat
984 2629 1085 2689 heeft
1103 2629 1131 2689 in
1158 2629 1256 2689 ieder
1277 2626 1377 2686 geval
1395 2629 1595 2689 geholpen.
1616 2626 1690 2686 Cor
1711 2629 1783 2689 had
1804 2629 1861 2689 een
1888 2629 1971 2689 paar
1989 2629 2038 2689 lek

359 2700 441 2760 kere
465 2702 627 2762 tomaten
656 2702 741 2762 voor
762 2703 817 2763 me
840 2704 936 2764 klaar
954 2702 1127 2762 gemaakt
1145 2703 1181 2763 en
1207 2703 1422 2763 naderhand
1448 2700 1515 2760 wat
1536 2701 1684 2761 druitjes
1705 2700 1779 2760 met
1798 2700 1854 2760 een
1880 2700 2064 2760 biscuitje,

352 2776 456 2836 maar
477 2775 503 2835 ik
533 2775 602 2835 had
629 2775 772 2835 hieraan
802 2777 879 2837 niet
900 2775 1038 2835 genoeg
1068 2775 1105 2835 en
1134 2776 1195 2836 het
1217 2776 1286 2836 was
1310 2775 1390 2835 toch
1419 2776 1520 2836 maar
1542 2775 1602 2835 een
1629 2775 1978 2835 tussenvoedinkje.
2002 2776 2052 2836 Op

355 2848 463 2908 laatst
485 2847 582 2907 werd
605 2849 666 2909 het
688 2849 716 2909 te
741 2849 816 2909 bar,
836 2849 913 2909 met
934 2849 997 2909 het
1017 2849 1186 2909 bekende
1212 2849 1353 2909 gevolg.
1376 2849 1467 2909 Toch
1496 2849 1560 2909 ben
1588 2849 1618 2909 ik
1646 2849 1707 2909 een
1732 2849 1852 2909 kleine
1880 2850 1943 2910 dot
1963 2849 2002 2909 en
2030 2849 2058 2909 ik

357 2921 472 2981 zwaai
494 2921 523 2981 al
543 2922 620 2982 met
640 2921 728 2981 mijn
755 2921 892 2981 handje
917 2923 954 2983 en
982 2922 1038 2982 zeg
1065 2923 1113 2983 ta,
1132 2924 1180 2984 ta.

354 2992 434 3052 Het
456 2996 747 3056 afweergeschut
769 2996 793 3056 is
814 2996 892 3056 hier
914 2996 1066 3056 gisteren
1093 2996 1157 3056 ook
1187 2996 1280 3056 weer
1299 2997 1398 3057 terug
1425 2999 1628 3059 gekomen.

1934 3213 2016 3273 105
