2479 3508
443 339 454 399 1
478 339 621 399 oktober
642 339 725 399 1943
749 339 884 399 vrijdag

451 409 620 469 Vandaag
642 407 786 467 hebben
812 407 861 467 we
884 407 1075 467 gelachen.
1094 409 1169 469 Cor
1189 407 1291 467 kreeg
1316 409 1471 469 vandaag
1499 407 1576 467 enig
1602 407 1942 467 beeldhouwwerk.
1962 410 2059 470 Daar
2079 410 2145 470 was

441 479 507 539 een
534 480 794 540 meisjeskopje
821 482 887 542 bij,
908 482 945 542 op
977 482 1067 542 ware
1092 485 1234 545 grootte
1261 482 1298 542 en
1331 482 1391 542 dat
1410 479 1498 539 kind
1527 480 1609 540 keek
1641 481 1675 541 zo
1702 482 1816 542 strak,
1838 480 1898 540 dat
1920 481 2092 541 wanneer
2114 482 2140 542 ik

445 554 485 614 er
507 554 590 614 naar
610 554 718 614 keek,
734 554 761 614 ik
789 556 864 616 hud
886 554 1002 614 begon
1032 554 1059 614 te
1084 554 1208 614 gillen.
1228 551 1327 611 Eerst
1349 555 1471 615 wisten
1499 553 1574 613 Cor
1596 551 1634 611 en
1661 554 1772 614 Greet
1791 554 1867 614 niet
1886 554 1953 614 hoe
1978 554 2013 614 of
2032 554 2067 614 ze
2089 555 2148 615 het

445 627 614 687 hadden,
636 625 736 685 maar
760 626 979 686 naderhand
1004 625 1147 685 hebben
1173 625 1223 685 we
1250 626 1284 686 er
1306 628 1493 688 smakelijk
1525 626 1562 686 om
1611 626 1801 686 gelachen.
1822 627 1854 687 Ik
1883 627 1946 687 heb
1978 625 2145 685 vanmid-

447 698 512 758 dag
541 700 704 760 gesmuld
733 700 761 760 in
790 697 850 757 een
876 699 959 759 paar
980 700 1128 760 korsten
1152 700 1274 760 brood
1297 701 1373 761 met
1391 700 1510 760 boter.

433 846 447 906 2
474 843 619 903 oktober
639 844 723 904 1943
748 846 912 906 zaterdag

451 915 645 975 Vannacht
667 913 812 973 hebben
837 914 870 974 ze
892 915 1067 975 gevlogen
1095 915 1134 975 en
1159 916 1375 976 geschoten.
1397 916 1439 976 E't
1461 915 1592 975 gingen
1617 915 1700 975 heel
1719 915 1788 975 wat
1808 916 2027 976 vliegtuigen
2058 918 2135 978 over

435 986 607 1046 Gisteren
635 987 699 1047 zijn
730 985 766 1045 er
786 984 819 1044 i9
847 987 1101 1047 Nederlandse
1127 989 1285 1049 jongens
1308 988 1558 1048 getusilleerd,
1578 988 1796 1048 waaronder
1821 989 1955 1049 diverse
1980 987 2147 1047 jongelui

442 1058 499 1118 die
526 1058 586 1118 wij
611 1060 776 1120 kennen.
798 1061 880 1121 Dan
910 1061 1045 1121 schreit
1068 1062 1097 1122 je
1122 1062 1219 1122 hart.
1244 1061 1394 1121 Diverse
1421 1061 1573 1121 mensen
1601 1061 1747 1121 hebben
1778 1062 1842 1122 mij
1870 1059 1989 1119 gezien
2019 1061 2057 1121 en
2087 1059 2141 1119 be¬

437 1132 657 1192 wonderd.

439 1206 474 1266 Ik
504 1204 607 1264 word
632 1204 691 1264 een
719 1204 802 1264 echt
825 1203 974 1263 bulletje
998 1204 1036 1264 en
1064 1204 1093 1264 ik
1121 1205 1169 1265 zit
1189 1206 1221 1266 al
1243 1207 1343 1267 recht
1368 1207 1406 1267 op
1436 1207 1466 1267 in
1493 1207 1582 1267 mijn
1613 1207 1911 1267 kinderstoeltje;
1931 1207 1957 1267 ik
1988 1205 2050 1265 heb
2083 1204 2140 1264 een

440 1277 525 1337 heel
548 1276 647 1336 recht
673 1276 832 1336 ruggetje
861 1278 897 1338 en
926 1279 1011 1339 mijn
1043 1279 1136 1339 vlees
1159 1279 1207 1339 zit
1228 1279 1261 1339 er
1285 1278 1367 1338 heel
1390 1277 1463 1337 vast
1486 1277 1549 1337 op.
1569 1278 1728 1338 Daarbij
1748 1276 1810 1336 heb
1842 1277 1870 1337 ik
1899 1279 2041 1339 lekkere
2067 1274 2143 1334 blo¬

434 1351 549 1411 zende
576 1348 726 1408 wangen
756 1349 794 1409 en
822 1350 849 1410 ik
879 1351 944 1411 kan
974 1351 1034 1411 een
1064 1349 1261 1409 geweldige
1285 1348 1367 1408 keel
1389 1348 1580 1408 opzetten.
1599 1351 1631 1411 Ik
1662 1351 1724 1411 heb
1757 1351 1795 1411 de
1820 1352 1899 1412 hele
1926 1350 1986 1410 dag
2014 1348 2139 1408 buiten

448 1422 566 1482 onder
588 1420 625 1480 de
646 1421 813 1481 waranda
837 1421 1001 1481 gelegen,
1020 1422 1213 1482 aangezien
1237 1420 1297 1480 het
1313 1421 1430 1481 steeds
1449 1421 1623 1481 regende.
1639 1420 1716 1480 Het
1732 1419 1800 1479 was
1822 1419 2007 1479 overigens
2026 1422 2144 1482 lekker

431 1492 543 1552 zacht
567 1491 671 1551 weer.
689 1492 847 1552 Morgen
874 1491 983 1551 komt
1009 1494 1087 1554 Oom
1137 1494 1246 1554 Chris
1270 1491 1306 1551 en
1337 1493 1381 1553 als
1405 1492 1468 1552 het
1489 1492 1582 1552 goed
1608 1491 1699 1551 weer
1720 1494 1762 1554 is,
1785 1494 1848 1554 dan
1879 1494 2066 1554 wandelen
2095 1495 2139 1555 we

442 1565 531 1625 naar
557 1566 666 1626 Lante
691 1566 862 1626 Hennie.

440 1715 453 1775 3
481 1709 621 1769 oktober
643 1709 723 1769 1943
748 1709 883 1769 zondag

445 1778 477 1838 Ik
508 1781 572 1841 ben
602 1781 694 1841 niets
719 1781 992 1841 aangekomen.
1019 1784 1247 1844 Vanmorgen
1274 1781 1404 1841 kregen
1431 1780 1499 1840 we,
1518 1783 1632 1843 nadat
1654 1782 1688 1842 er
1710 1781 1740 1841 al
1762 1781 1818 1841 een
1846 1783 1924 1843 hele
1949 1784 2013 1844 tijd
2038 1782 2119 1842 vlieg

441 1853 568 1913 tuigen
600 1852 714 1912 waren
746 1852 828 1912 over
855 1853 1048 1913 gevlogen,
1073 1855 1271 1915 luchtalarm
1322 1855 1359 1915 en
1391 1855 1587 1915 plotseling
1619 1855 1715 1915 werd
1741 1855 1776 1915 er
1797 1855 1900 1915 hevig
1933 1857 2147 1917 geschoten.

434 1922 538 1982 t'erst
561 1921 691 1981 gingen
722 1921 759 1981 de
785 1922 936 1982 mensen
965 1924 1050 1984 naar
1071 1924 1198 1984 buiten
1227 1922 1266 1982 en
1292 1922 1375 1982 toen
1404 1924 1466 1984 het
1487 1924 1682 1984 plotseling
1711 1924 1745 1984 zo
1774 1924 1934 1984 dichthij
1958 1924 2023 1984 was
2047 1924 2083 1984 en
2114 1924 2142 1984 er

439 1995 615 2055 scherven
643 1994 894 2054 rondvlogen,
915 1996 993 2056 ging
1021 1996 1101 2056 men
1130 1995 1324 2055 plotseling
1351 1997 1436 2057 naar
1457 1999 1619 2059 binnen.
1638 1997 1682 2057 Er
1705 1996 1772 2056 was
1796 1996 1855 2056 een
1881 1996 2054 2056 formatie
2081 1996 2135 2056 van

439 2058 477 2118 zo
509 2064 770 2124 Amerikaanse
797 2064 1004 2124 toestellen.
1028 2066 1097 2126 Een
1126 2066 1237 2126 Duits
1261 2067 1432 2127 vliegtuig
1461 2067 1554 2127 werd
1580 2065 1867 2125 neergeschoten
1896 2067 1935 2127 en
1964 2067 2002 2127 de
2029 2067 2145 2127 piloot

445 2133 527 2193 wist
553 2134 630 2194 zich
662 2136 754 2196 door
784 2135 929 2195 middel
956 2136 1014 2196 van
1048 2136 1109 2196 een
1144 2139 1342 2199 parachute
1374 2136 1403 2196 te
1435 2137 1588 2197 redden.
1615 2139 1799 2199 Schiphol
1827 2138 1924 2198 werd
1951 2138 2144 2198 getroften.

443 2204 527 2264 Oom
579 2205 703 2265 Chris,
730 2205 783 2265 die
812 2207 888 2267 hier
911 2208 1101 2268 logeerde,
1124 2209 1203 2269 ging
1238 2211 1326 2271 eerst
1352 2208 1493 2268 kijken,
1516 2208 1618 2268 maar
1641 2208 1862 2268 naderhand
1891 2208 1988 2268 werd
2013 2208 2064 2268 hij
2090 2209 2138 2269 erg

433 2276 597 2336 angstig.
617 2277 672 2337 De
696 2276 766 2336 dijk
796 2277 833 2337 op
863 2278 1047 2338 Schiphol
1067 2278 1164 2338 werd
1185 2279 1383 2339 getroffen,
1404 2282 1503 2342 maar
1524 2279 1602 2339 snel
1620 2277 1798 2337 hersteld.

443 2345 478 2405 lk
507 2348 617 2408 stond
637 2351 667 2411 in
695 2350 733 2410 de
759 2349 830 2409 tuin
861 2349 897 2409 en
922 2351 1019 2411 werd
1041 2351 1116 2411 vlug
1141 2352 1227 2412 naar
1246 2353 1384 2413 binnen
1410 2353 1581 2413 gehaald,
1601 2354 1759 2414 alsmede
1781 2354 1950 2414 Plukkie,
1970 2354 2022 2414 die
2044 2354 2074 2414 in
2103 2352 2138 2412 de

439 2422 517 2482 tuin
550 2423 608 2483 aan
638 2423 701 2483 het
721 2423 840 2483 spelen
873 2423 956 2483 was.

449 2489 508 2549 We
534 2494 596 2554 zijn
624 2496 848 2556 vanmiddag
871 2497 956 2557 naar
979 2497 1083 2557 Tante
1109 2498 1256 2558 Hennie
1282 2497 1364 2557 gaan
1393 2498 1582 2558 wandelen
1608 2497 1644 2557 en
1670 2497 1701 2557 al
1721 2497 1775 2557 die
1798 2497 1860 2557 tijd
1883 2497 1945 2557 heb
1974 2500 2002 2560 ik
2027 2499 2126 2559 recht

445 2566 488 2626 op
518 2568 683 2628 gezeten,
705 2570 770 2630 ook
806 2569 841 2629 op
873 2569 914 2629 de
938 2572 1168 2632 terugtocht.
1204 2572 1236 2632 Ik
1264 2572 1339 2632 raak
1369 2571 1448 2631 niet
1467 2569 1686 2629 uitgekeken
1716 2570 1754 2630 en
1784 2569 1811 2629 ik
1841 2569 1927 2629 vind
1952 2572 2139 2632 wandelen

440 2643 614 2703 heerlijk.
637 2642 711 2702 Cor
739 2642 806 2702 was
834 2643 981 2703 vooruit
1006 2645 1092 2705 naar
1114 2644 1197 2704 huis
1223 2648 1353 2708 gegaan
1386 2645 1425 2705 en
1453 2645 1525 2705 had
1553 2643 1758 2703 inmiddels
1781 2647 1867 2707 mijn
1900 2647 1961 2707 pap
1997 2646 2025 2706 in
2058 2646 2141 2706 orde

433 2717 624 2777 gemaakt,
646 2718 679 2778 zo
706 2716 777 2776 kon
806 2717 832 2777 ik
864 2716 929 2776 dús
951 2718 1026 2778 met
1037 2718 1095 2778 een
1124 2718 1329 2778 aanvallen.

438 2863 456 2923 4
481 2861 623 2921 oktober
645 2861 726 2921 1943
750 2863 931 2923 maandag

432 2930 513 2990 Het
537 2930 560 2990 is
584 2930 644 2990 een
674 2932 831 2992 vreselijk
864 2933 1003 2993 drukke
1030 2935 1094 2995 dag
1123 2933 1292 2993 geweest.
1318 2933 1397 2993 Oom
1447 2936 1572 2996 Chris,
1592 2933 1747 2993 Dientje
1773 2933 1808 2993 en
1837 2936 1977 2996 Marty,
1995 2935 2140 2995 hebben

432 3005 606 3065 allemaal
628 3006 707 3066 hier
732 3005 900 3065 gegeten.
928 3007 984 3067 Zij
1007 3006 1172 3066 moesten
1205 3003 1281 3063 met
1306 3003 1344 3063 de
1374 3005 1458 3065 trein
1494 3005 1553 3065 van
1584 3005 1638 3065 zes
1665 3005 1733 3065 uur
1758 3006 1877 3066 terug.
1905 3007 1983 3067 Oom
2035 3006 2141 3066 Chris

436 3076 510 3136 was
537 3079 595 3139 gek
627 3079 704 3139 met
728 3079 794 3139 mij
818 3079 855 3139 en
884 3079 955 3139 was
979 3079 1096 3139 steeds
1122 3081 1199 3141 met
1220 3082 1286 3142 mij
1311 3082 1369 3142 aan
1401 3079 1464 3139 het
1486 3080 1628 3140 spelen.
1650 3080 1681 3140 Ik
1711 3079 1774 3139 heb
1809 3079 1867 3139 een
1896 3080 2140 3140 formidabele

478 3226 556 3286 106
