2479 3508
355 327 494 387 eetlust
515 327 551 387 en
577 327 605 387 ik
631 327 696 387 ben
724 328 784 388 gek
815 327 851 387 op
882 326 941 386 een
967 327 1068 387 korst
1089 327 1163 387 met
1182 327 1303 387 boter.
1321 327 1412 387 Mijn
1440 328 1603 388 tomaten
1632 328 1706 388 met
1727 328 1877 388 druitjes
1898 327 2001 387 lustte
2024 327 2053 387 ik

357 397 437 457 niet
458 398 633 458 vandaag,
654 397 721 457 wat
739 397 801 457 het
822 395 887 455 was
908 395 998 455 weet
1016 395 1042 455 ik
1068 397 1158 457 niet,
1176 398 1275 458 maar
1293 398 1319 458 ik
1345 398 1414 458 kon
1440 398 1474 458 ze
1495 398 1569 458 niet
1590 398 1681 458 door
1699 401 1784 461 mijn
1810 401 1890 461 keel
1906 401 2058 461 krijgen.

358 467 404 527 Er
424 467 488 527 zijn
513 468 702 528 vannacht
721 467 941 527 ontzettend
963 467 1035 527 veel
1055 469 1185 529 Duitse
1207 470 1426 530 vliegtuigen
1455 469 1535 529 over
1552 468 1746 528 gevlogen.
1768 472 1841 532 Wij
1855 473 2001 533 konden
2030 473 2060 533 er

355 542 437 602 hier
458 539 536 599 niet
559 540 617 600 van
647 543 788 603 slapen,
811 542 910 602 want
933 542 965 602 ze
991 542 1117 602 vlogen
1145 545 1180 605 zo
1208 545 1278 605 laag
1309 545 1344 605 en
1375 544 1543 604 maakten
1571 544 1642 604 zon
1672 545 1791 605 leven,
1814 545 1877 605 dat
1897 545 1945 605 we
1970 545 2051 605 uren

354 611 508 671 wakker
529 611 677 671 hebben
704 614 872 674 gelegen.

363 760 374 820 5
400 760 539 820 oktober
559 763 641 823 1943
666 760 808 820 dinsdag

364 828 425 888 We
450 830 536 890 zijn,
558 830 597 890 of
616 832 724 892 liever
747 831 880 891 gezegd
908 831 982 891 Cor
1007 831 1043 891 en
1074 833 1185 893 Greet
1207 833 1270 893 zijn
1301 833 1459 893 vandaag
1487 834 1573 894 naar
1598 831 1656 891 een
1684 831 1767 891 huis
1789 834 1908 894 wezen
1933 834 2052 894 kijken

355 903 391 963 in
424 905 463 965 de
491 906 809 966 Memlingstraat.
835 906 887 966 Ot
909 905 942 965 ze
970 905 1031 965 het
1054 908 1189 968 krijgen
1220 906 1245 966 is
1270 906 1330 966 een
1359 907 1477 967 vraag,
1503 906 1602 966 maar
1625 906 1655 966 in
1686 906 1785 966 ieder
1808 906 1910 966 geval
1933 906 1990 966 zou
2024 907 2051 967 ik

348 975 416 1035 dan
447 977 512 1037 ook
543 977 603 1037 een
629 977 727 1037 eigen
756 978 933 1038 kamertje
959 978 1122 1038 hebben;
1143 980 1242 1040 maar
1263 978 1310 1038 ja,
1328 978 1362 1038 er
1383 978 1447 1038 zijn
1476 977 1754 1037 tegenwoordig
1783 978 1868 1038 voor
1892 978 1949 1038 een
1978 979 2055 1039 huis

357 1046 485 1106 zoveel
507 1049 751 1109 gegadigden,
774 1049 836 1109 dat
855 1049 918 1109 het
937 1049 1002 1109 wel
1024 1049 1081 1109 een
1108 1049 1263 1109 wonder
1283 1051 1334 1111 zal
1353 1049 1437 1109 zijn.

361 1122 474 1182 lante
503 1121 619 1181 Annie
643 1121 668 1181 is
692 1121 846 1181 geweest
867 1121 906 1181 en
932 1121 960 1181 ik
989 1119 1050 1179 heb
1082 1120 1141 1180 een
1170 1118 1229 1178 vol
1247 1120 1340 1180 bord
1364 1124 1423 1184 pap
1459 1124 1518 1184 op,
1539 1124 1573 1184 ze
1594 1122 1707 1182 stond
1731 1123 1764 1183 er
1785 1124 1955 1184 verbaasd
1981 1126 2061 1186 van,

354 1191 427 1251 wat
448 1196 476 1256 ik
502 1196 572 1256 kon
601 1193 752 1253 opeten.
772 1195 920 1255 Daarna
945 1196 1042 1256 werd
1062 1196 1088 1256 ik
1116 1196 1144 1256 in
1173 1197 1261 1257 mijn
1287 1196 1392 1256 bedje
1415 1196 1542 1256 gelegd
1566 1196 1602 1256 en
1628 1196 1668 1256 nu
1699 1196 1787 1256 slaap
1816 1196 1844 1256 ik
1870 1197 2037 1257 heerlijk.

356 1339 374 1399 6
399 1339 541 1399 oktober
563 1339 646 1399 1943
670 1339 853 1399 woensdag

355 1410 398 1470 tr
421 1410 445 1470 is
467 1409 526 1469 een
554 1410 711 1470 tamelijk
738 1410 836 1470 frisse
861 1411 977 1471 wind,
994 1413 1075 1473 toch
1102 1413 1148 1473 sta
1173 1413 1200 1473 ik
1227 1413 1257 1473 in
1284 1413 1322 1473 de
1347 1412 1441 1472 tuin.
1461 1411 1490 1471 Ik
1521 1411 1583 1471 heb
1613 1410 1699 1470 eerst
1722 1413 1868 1473 rechtop
1895 1416 2058 1476 gezeten,

354 1480 439 1540 toen
468 1482 556 1542 werd
587 1482 612 1542 ik
640 1484 793 1544 jengelig
824 1483 859 1543 en
888 1484 957 1544 viel
976 1486 1051 1546 niet
1071 1486 1101 1546 in
1130 1488 1240 1548 slaap.
1260 1485 1290 1545 k
1319 1485 1368 1545 zit
1391 1485 1427 1545 op
1455 1485 1544 1545 mijn
1572 1486 1713 1546 stoeltje
1739 1485 1766 1545 al
1786 1488 1994 1548 kaarsrecht
2017 1486 2053 1546 en

354 1554 498 1614 zonder
516 1554 720 1614 kussentje.
740 1557 817 1617 Cor
837 1556 905 1616 had
930 1557 995 1617 mij
1016 1560 1237 1620 vanmiddag
1266 1559 1302 1619 op
1334 1558 1370 1618 de
1396 1559 1512 1619 grond
1535 1557 1677 1617 gelegd,
1697 1558 1760 1618 dat
1777 1557 1836 1617 wil
1854 1557 1984 1617 zeggen
2016 1558 2049 1618 op

355 1626 445 1686 mijn
476 1626 606 1686 zeiltje,
629 1627 704 1687 met
727 1628 787 1688 een
813 1627 973 1687 lakentje
997 1625 1033 1685 er
1054 1626 1136 1686 over
1157 1628 1269 1688 heen.
1287 1628 1320 1688 Ik
1349 1628 1463 1688 begon
1494 1628 1574 1688 toen
1605 1628 1633 1688 te
1657 1628 1833 1688 kruipen,
1854 1631 1955 1691 maar
1978 1631 2056 1691 ach-

355 1697 485 1757 teruit,
507 1699 568 1759 dat
587 1698 611 1758 is
635 1700 914 1760 waarschijnlijk
944 1700 1117 1760 modern,
1139 1700 1221 1760 alles
1243 1701 1370 1761 kruipt
1392 1700 1586 1760 achteruit.

361 1840 375 1900 7
400 1843 542 1903 oktober
562 1843 643 1903 1943
668 1843 869 1903 donderdag

365 1914 532 1974 Vandaag
566 1915 682 1975 waren
716 1914 804 1974 mijn
841 1916 937 1976 Oma
968 1917 1008 1977 en
1042 1916 1124 1976 Opa
1156 1920 1274 1980 Draak
1311 1918 1351 1978 40
1385 1918 1456 1978 jaar
1485 1917 1691 1977 getrouwd.
1717 1916 1751 1976 Ik
1785 1918 1847 1978 heb
1884 1918 2054 1978 bloemen

356 1989 552 2049 gestuurd,
575 1987 685 2047 Greet
711 1987 746 2047 en
774 1989 852 2049 Cor
877 1990 966 2050 ook.
985 1991 1129 2051 Daarna
1157 1990 1287 2050 gingen
1315 1989 1373 2049 wij
1396 1989 1612 2049 feliciteren.
1634 1988 1665 2048 Ik
1693 1988 1789 2048 werd
1818 1988 1853 2048 op
1887 1990 1923 2050 de
1951 1990 2050 2050 divan

356 2063 483 2123 gelegd
514 2058 550 2118 en
580 2060 672 2120 door
695 2058 861 2118 iedereen
889 2062 1136 2122 bewonderd.
1156 2062 1186 2122 Ik
1217 2061 1286 2121 was
1314 2061 1375 2121 dan
1406 2061 1473 2121 ook
1503 2061 1556 2121 erg
1581 2061 1645 2121 liet
1668 2061 1703 2121 en
1731 2064 1953 2124 uitdagend.
1979 2064 2070 2124 Opa

361 2133 472 2193 pakte
499 2130 525 2190 ik
557 2130 607 2190 bij
628 2129 694 2189 zijn
726 2129 816 2189 neus
842 2129 879 2189 en
908 2129 958 2189 bij
982 2130 1046 2190 zijn
1075 2132 1178 2192 snor.
1196 2133 1228 2193 lk
1260 2130 1360 2190 kreeg
1392 2131 1450 2191 van
1482 2130 1561 2190 Oor
1585 2130 1643 2190 een
1672 2130 1788 2190 stukje
1817 2130 1899 2190 cake
1926 2130 1962 2190 en
1995 2131 2052 2191 een

354 2202 501 2262 lepeltje
526 2200 626 2260 echte
651 2202 778 2262 kostie,
798 2202 859 2262 dat
879 2202 979 2262 vond
1001 2202 1029 2262 ik
1054 2199 1223 2259 heerlijk.
1246 2202 1298 2262 Om
1343 2202 1468 2262 twaalf
1488 2203 1554 2263 uur
1574 2202 1704 2262 gingen
1732 2202 1779 2262 we
1804 2203 1887 2263 naar
1907 2205 2007 2265 huis,
2024 2205 2051 2265 ik

349 2270 454 2330 kreeg
484 2273 570 2333 mijn
600 2272 678 2332 eten
705 2273 742 2333 en
770 2273 850 2333 ging
880 2273 939 2333 een
967 2273 1066 2333 tukje
1090 2273 1244 2333 maken.

354 2414 371 2474 8
400 2414 540 2474 oktober
561 2414 644 2474 1943
667 2414 801 2474 vrijdag

366 2474 423 2534 We
452 2482 513 2542 zijn
545 2484 702 2544 vandaag
733 2483 847 2543 wezen
878 2485 1081 2545 wandelen.
1105 2482 1180 2542 Het
1203 2485 1270 2545 was
1296 2485 1516 2545 schitterend
1542 2485 1647 2545 mooi
1668 2485 1771 2545 weer.
1792 2485 1890 2545 Eerst
1911 2485 1996 2545 naar
2022 2485 2055 2545 de

367 2552 432 2612 Van
465 2557 710 2617 Baerlestraat,
732 2557 811 2617 toen
840 2557 925 2617 naar
946 2558 1044 2618 huis;
1065 2557 1192 2617 daarna
1219 2557 1303 2617 naar
1328 2558 1364 2618 de
1394 2557 1624 2617 Apollolaan,
1645 2557 1692 2617 we
1719 2557 1862 2617 hebben
1889 2560 2052 2620 namelijk

359 2629 422 2689 een
453 2630 558 2690 nieuw
600 2631 680 2691 huis
705 2632 735 2692 in
769 2632 807 2692 de
835 2634 1145 2694 Memlingstraat.
1171 2632 1248 2692 Cor
1270 2633 1342 2693 had
1370 2632 1406 2692 de
1437 2633 1625 2693 voorhand
1656 2629 1766 2689 (kreeg
1800 2632 1838 2692 de
1866 2635 2057 2695 voorkeur)

356 2703 489 2763 omdat
509 2703 539 2763 ze
565 2703 601 2763 de
623 2704 876 2764 huiseigenaar
896 2703 954 2763 aan
982 2704 1018 2764 z0
1043 2704 1152 2764 rollen
1177 2706 1315 2766 behang
1341 2703 1408 2763 kon
1433 2705 1580 2765 helpen;
1600 2704 1633 2764 zo
1658 2703 1800 2763 hebben
1822 2703 1872 2763 we
1895 2706 2055 2766 gelukkig

359 2777 442 2837 met
460 2776 522 2836 ons
540 2778 620 2838 huis
638 2777 776 2837 gebost.
795 2778 868 2838 Het
884 2779 972 2839 kijkt
990 2778 1043 2838 uit
1061 2778 1097 2838 op
1127 2781 1162 2841 de
1186 2781 1416 2841 Apollolaan.
1437 2780 1502 2840 Wij
1520 2778 1647 2838 gingen
1671 2778 1745 2838 Cor
1766 2778 1801 2838 en
1825 2780 1920 2840 Oma
1944 2778 2053 2838 Draak

355 2853 481 2913 halen,
501 2851 589 2911 weer
610 2851 693 2911 naar
713 2852 807 2912 huis,
827 2852 923 2912 want
943 2852 991 2912 we
1014 2852 1153 2912 zouden
1178 2854 1236 2914 een
1262 2852 1368 2912 kopje
1393 2852 1469 2912 thee
1494 2852 1664 2912 drinken.
1682 2852 1825 2912 Daarna
1848 2850 1987 2910 zouden
2013 2850 2055 2910 we

362 2924 455 2984 weer
478 2924 544 2984 uit.
567 2925 619 2985 Op
650 2925 688 2985 de
711 2924 885 2984 Noorder
908 2926 1121 2986 Amstellaan
1149 2927 1276 2987 kregen
1301 2924 1351 2984 we
1373 2927 1564 2987 luchtalarm
1612 2924 1650 2984 en
1675 2924 1803 2984 gingen
1834 2925 1869 2985 op
1900 2925 1958 2985 een
1983 2922 2060 2982 hol-

355 2999 437 3059 letje
461 2999 543 3059 naar
562 2999 657 3059 huis.
679 2999 753 3059 Het
774 2999 859 3059 alarm
907 2999 1045 3059 duurde
1069 2999 1124 3059 een
1151 2999 1212 3059 vol
1231 2999 1308 3059 uut,
1327 3000 1454 3060 daarna
1478 3000 1605 3060 gingen
1632 2999 1679 3059 we
1704 2999 1791 3059 weer
1813 2999 1879 3059 uit.
1900 3000 1985 3060 Joen
2014 3000 2056 3060 we

356 3070 455 3130 thuis
478 3070 640 3130 kwamen
666 3070 765 3130 kreeg
791 3070 817 3130 ik
845 3072 928 3132 mijn
957 3072 1016 3132 pap
1048 3070 1085 3130 en
1111 3072 1193 3132 naar
1213 3070 1278 3130 bed
1304 3070 1341 3130 en
1367 3071 1392 3131 ik
1418 3071 1481 3131 heb
1509 3072 1651 3132 heerlijk
1677 3073 1856 3133 geslapen.

1932 3216 2012 3276 107
