2479 3508
441 336 456 396 9
483 334 623 394 oktober
645 334 725 394 1943
752 333 913 393 zaterdag

447 404 643 464 Vannacht
662 404 724 464 zijn
753 404 786 464 er
805 402 879 462 veel
900 404 1118 464 vliegtuigen
1147 404 1227 464 over
1245 404 1416 464 geweest,
1435 404 1468 464 er
1489 404 1585 464 werd
1606 404 1800 464 geschoten
1829 404 1865 464 en
1891 404 1924 464 er
1943 404 2038 464 kwam
2085 405 2139 465 een

447 476 635 536 ontplofte
661 477 810 537 granaat
830 477 907 537 met
927 478 987 538 een
1013 477 1173 537 Huitend
1196 479 1318 539 geluid
1340 479 1426 539 naar
1445 479 1634 539 beneden.
1656 479 1731 539 Oor
1753 477 1792 537 en
1817 478 1930 538 Greet
1947 477 2049 537 lagen
2075 476 2146 536 stijf

442 549 507 609 van
538 552 651 612 schrik
682 551 709 611 in
740 551 810 611 bed
836 551 873 611 en
901 551 1060 611 stonden
1091 551 1154 611 dan
1187 551 1250 611 ook
1283 552 1344 612 op.
1367 552 1407 612 Er
1433 551 1548 611 waren
1576 551 1761 611 meerdere
1789 550 1938 610 mensen
1968 548 2029 608 op,
2052 552 2145 612 want

446 620 570 680 overal
588 622 642 682 zag
668 622 748 682 men
777 622 867 682 door
888 622 1007 682 kieren
1033 622 1092 682 van
1118 622 1234 682 slecht
1252 622 1498 682 verduisterde
1521 622 1733 682 gordijnen,
1751 622 1854 682 licht.
1875 622 1950 682 Het
1968 622 2038 682 was
2059 622 2146 682 weer

438 698 608 758 prachtig
633 693 725 753 weer
747 697 907 757 vandaag
935 696 971 756 en
996 697 1024 757 ik
1052 695 1116 755 heb
1147 696 1186 756 de
1209 697 1286 757 hele
1312 697 1373 757 dag
1398 697 1429 757 in
1457 698 1496 758 de
1522 697 1594 757 tuin
1622 695 1784 755 gestaan.

435 840 473 900 10
497 838 640 898 oktober
662 839 743 899 1943
770 840 902 900 zondag

435 906 470 966 Ik
502 909 598 969 weeg
627 909 659 969 19
689 912 810 972 pond.
840 912 1006 972 Vandaag
1035 912 1099 972 ben
1131 912 1160 972 ik
1189 912 1241 972 bij
1265 912 1352 972 mijn
1387 912 1483 972 Oma
1513 913 1632 973 Draak
1664 912 1838 972 geweest.
1862 912 1937 972 Cor
1964 912 2001 972 en
2031 912 2141 972 Greet

437 986 508 1046 zijn
541 984 630 1044 naar
660 984 698 1044 de
731 984 913 1044 overkant
944 984 1003 1044 van
1039 983 1104 1043 het
1129 983 1158 1043 ij
1186 983 1237 1043 bij
1265 987 1420 1047 Connie
1453 985 1553 1045 eten.
1581 986 1695 1046 Greet
1722 983 1763 1043 en
1796 984 1875 1044 Cor
1905 984 2051 1044 hebben
2084 985 2144 1045 het

446 1055 798 1115 gebombardeerde
823 1056 955 1116 gebied
978 1059 1102 1119 gezien
1131 1058 1166 1118 en
1197 1058 1263 1118 ook
1294 1058 1332 1118 de
1358 1057 1593 1117 camoutlage
1618 1056 1679 1116 van
1710 1057 1748 1117 de
1773 1056 1917 1116 fokker
1937 1058 2144 1118 tabrieken.

448 1127 548 1187 Deze
575 1127 810 1187 camouslage
834 1128 979 1188 bestaat
1001 1130 1188 1190 helemaal
1210 1129 1262 1189 uit
1284 1128 1418 1188 bergen
1448 1130 1487 1190 en
1516 1130 1550 1190 er
1572 1130 1598 1190 is
1622 1130 1683 1190 een
1712 1130 1796 1190 heel
1818 1128 1902 1188 dorp
1937 1129 1997 1189 van
2027 1130 2137 1190 rieten

444 1198 601 1258 huisjes,
626 1198 864 1258 beschilderd
894 1199 970 1259 met
995 1201 1057 1261 een
1087 1201 1179 1261 rood
1212 1201 1274 1261 dak
1307 1201 1347 1261 en
1377 1202 1523 1262 ramen.
1548 1201 1594 1261 Er
1619 1201 1686 1261 zijn
1716 1201 1800 1261 zelfs
1827 1201 2046 1261 boompjes,
2074 1202 2136 1262 ook

437 1275 519 1335 niet
541 1273 626 1333 echt
647 1271 683 1331 en
712 1273 882 1333 trottoirs
906 1273 1173 1333 aangebracht.
1196 1276 1385 1336 Ondanks
1409 1275 1494 1335 deze
1518 1273 1644 1333 mooie
1668 1275 1903 1335 camoutlage
1927 1275 1950 1335 is
1974 1274 2036 1334 het
2057 1275 2152 1335 toch

440 1345 771 1405 gebompardeerd
799 1345 836 1405 en
864 1346 986 1406 liggen
1016 1347 1054 1407 de
1084 1345 1227 1405 fokker
1249 1348 1442 1408 fabrieken
1469 1346 1545 1406 stil.
1570 1345 1646 1405 Het
1670 1346 1936 1406 Amerikaanse
1964 1347 2140 1407 bombar-

438 1416 599 1476 dement
621 1413 647 1473 is
671 1416 971 1476 verschrikkelijk
1004 1419 1160 1479 geweest
1184 1419 1221 1479 en
1250 1419 1285 1479 er
1304 1419 1423 1479 liggen
1453 1419 1537 1479 heel
1559 1416 1627 1476 wat
1649 1416 1782 1476 huizen
1809 1419 1840 1479 in
1870 1419 1978 1479 puin.
2002 1416 2076 1476 Cor
2103 1418 2135 1478 en

435 1483 555 1543 Creet
577 1486 723 1546 hadden
751 1486 786 1546 zo
814 1487 879 1547 vijf
898 1488 1072 1548 kwartier
1094 1490 1317 1550 gewandeld
1342 1488 1380 1548 en
1405 1488 1473 1548 zijn
1503 1488 1584 1548 toen
1612 1488 1666 1548 bij
1688 1488 1840 1548 Connie
1868 1488 2145 1548 aangekomen,

438 1558 574 1618 alwaar
594 1560 679 1620 heel
696 1560 776 1620 snel
796 1560 858 1620 het
878 1561 1080 1621 luchtalarm
1129 1563 1231 1623 ging.
1251 1560 1327 1620 Dat
1348 1560 1418 1620 was
1441 1560 1481 1620 nu
1512 1560 1592 1620 niet
1612 1561 1771 1621 bepaald
1794 1560 1962 1620 gezellig.
1982 1558 2024 1618 Er
2047 1563 2141 1623 werd

437 1631 527 1691 Hink
562 1631 766 1691 geschoten
802 1631 840 1691 en
875 1631 940 1691 ook
976 1631 1054 1691 hier
1082 1631 1139 1691 bij
1164 1631 1250 1691 mijn
1289 1632 1386 1692 Oma
1419 1632 1449 1692 in
1487 1631 1585 1691 Zuid
1618 1631 1686 1691 was
1716 1632 1920 1692 luchtalarm
1974 1630 2012 1690 en
2045 1632 2143 1692 werd

437 1703 665 1763 geschoten.
690 1703 744 1763 Om
788 1703 866 1763 halt
888 1705 994 1765 zeven
1024 1704 1141 1764 waren
1169 1706 1231 1766 wij
1253 1706 1367 1766 thuis,
1389 1706 1416 1766 ik
1446 1705 1508 1765 heb
1541 1703 1625 1763 toen
1652 1704 1780 1764 lekker
1802 1706 1951 1766 gegeten
1981 1706 2019 1766 en
2047 1706 2141 1766 werd

443 1778 532 1838 naar
555 1776 645 1836 mijn
674 1775 783 1835 bedje
809 1778 1006 1838 gebracht.

429 1918 463 1978 17
487 1918 633 1978 oktober
654 1918 736 1978 1943
760 1918 943 1978 maandag

433 1984 516 2044 Het
536 1987 561 2047 is
583 1988 750 2048 prachtig
778 1987 992 2047 herfstweer
1015 1989 1051 2049 en
1079 1990 1107 2050 ik
1138 1990 1202 2050 heb
1235 1990 1274 2050 de
1300 1990 1377 2050 hele
1406 1990 1466 2050 dag
1495 1991 1525 2051 in
1559 1990 1598 2050 de
1623 1990 1698 2050 tuin
1729 1992 1893 2052 gestaan.
1913 1991 1946 2051 Ik
1974 1990 2038 2050 heb
2074 1993 2135 2053 ook

435 2054 530 2114 weet
557 2059 594 2119 op
626 2060 666 2120 de
690 2061 804 2121 grond
836 2059 966 2119 mogen
995 2061 1149 2121 kruipen
1181 2061 1218 2121 en
1248 2062 1284 2122 ga
1312 2062 1372 2122 dan
1407 2061 1471 2121 ook
1500 2061 1625 2121 lekker
1649 2061 1845 2121 achteruit,
1866 2061 1964 2121 soms
1986 2061 2028 2121 lig
2058 2060 2084 2120 ik
2116 2058 2142 2118 al

438 2130 518 2190 met
538 2130 623 2190 mijn
652 2130 734 2190 bips
757 2130 873 2190 onder
896 2130 934 2190 de
957 2132 1073 2192 bank.
1090 2133 1123 2193 lk
1152 2133 1240 2193 gooi
1260 2133 1323 2193 mij
1346 2133 1382 2193 om
1429 2130 1521 2190 alsof
1543 2130 1601 2190 dat
1621 2130 1709 2190 mijn
1738 2133 1912 2193 dagelijks
1935 2133 2023 2193 werk
2052 2133 2076 2193 is
2099 2133 2134 2193 en

437 2202 487 2262 zit
509 2201 718 2261 kaatsrecht
739 2202 768 2262 in
798 2202 887 2262 mijn
917 2202 1076 2262 stoeltje.
1097 2202 1126 2262 Ik
1156 2202 1245 2262 krijg
1275 2202 1333 2262 een
1360 2202 1548 2262 eigenwijs
1569 2202 1712 2262 snoetje
1736 2202 1773 2262 en
1803 2202 1890 2262 mijn
1919 2204 2004 2264 haar
2028 2205 2142 2265 groeit

435 2272 485 2332 als
509 2271 613 2331 kool,
631 2273 769 2333 krullen
799 2271 862 2331 heb
892 2271 918 2331 ik
948 2273 1037 2333 niet,
1059 2273 1090 2333 al
1112 2272 1197 2332 doet
1221 2271 1295 2331 Cor
1319 2273 1383 2333 ook
1412 2273 1497 2333 haar
1519 2270 1598 2330 best
1620 2273 1659 2333 om
1704 2273 1739 2333 er
1757 2273 1874 2333 iedere
1901 2274 2049 2334 morgen
2079 2276 2137 2336 een

435 2344 470 2404 in
497 2342 524 2402 te
546 2342 690 2402 leggen.
709 2344 738 2404 Ik
766 2343 828 2403 heb
855 2345 956 2405 korte
980 2346 1086 2406 dikke
1108 2345 1274 2405 beentjes
1293 2345 1328 2405 en
1353 2345 1510 2405 probeer
1529 2345 1561 2405 ze
1584 2345 1659 2405 niet
1679 2345 1706 2405 te
1728 2346 1947 2406 gebruiken,
1964 2348 2061 2408 staan
2089 2346 2140 2406 wil

442 2414 472 2474 ik
500 2417 590 2477 niet,
610 2420 637 2480 ik
665 2420 736 2480 laat
758 2418 813 2478 me
841 2419 901 2479 dan
931 2418 1096 2478 hangen.

434 2568 470 2628 12
498 2566 638 2626 oktober
658 2564 739 2624 1943
765 2566 910 2626 dinsdag

435 2635 515 2695 Het
536 2636 626 2696 weer
650 2638 768 2698 wordt
789 2638 852 2698 iets
875 2640 1037 2700 minder,
1055 2639 1118 2699 het
1138 2638 1207 2698 was
1230 2638 1320 2698 eerst
1341 2638 1495 2698 zonnig,
1516 2640 1614 2700 maar
1637 2638 1670 2698 er
1691 2638 1789 2698 kwam
1835 2640 1895 2700 een
1923 2641 2034 2701 flinke
2058 2641 2143 2701 mist

440 2709 632 2769 opzetten;
657 2711 746 2771 eerst
771 2711 833 2771 heb
863 2711 890 2771 ik
920 2712 1047 2772 buiten
1077 2712 1239 2772 gestaan,
1261 2712 1361 2772 maar
1386 2712 1402 2772 's
1427 2711 1600 2771 middags
1624 2711 1743 2771 moest
1765 2711 1792 2771 ik
1822 2712 1963 2772 binnen
1990 2712 2142 2772 blijven,

434 2784 521 2844 toen
546 2784 611 2844 heb
639 2784 670 2844 ik
696 2784 766 2844 wat
788 2784 828 2844 op
859 2785 898 2845 de
921 2786 1036 2846 grond
1065 2787 1270 2847 gekropen.

433 2930 468 2990 13
492 2930 636 2990 oktober
655 2930 735 2990 1943
762 2930 944 2990 woensdag

436 3002 516 3062 Cor
538 3000 638 3060 heeft
660 3001 724 3061 mij
750 3002 927 3062 gewassen
955 3003 1202 3063 vanmorgen,
1225 3002 1322 3062 want
1344 3001 1458 3061 Greet
1478 3001 1547 3061 had
1572 3000 1644 3060 spit
1667 3001 1694 3061 in
1723 3002 1808 3062 haar
1831 3003 1911 3063 rug.
1937 3003 2014 3063 Ook
2045 3000 2142 3060 heeft

436 3072 517 3132 Cor
539 3076 605 3136 mij
631 3075 786 3135 gevoed.
811 3077 839 3137 Se
864 3076 961 3136 kunt
984 3076 1133 3136 merken
1164 3076 1225 3136 dat
1247 3073 1361 3133 Greet
1386 3076 1444 3136 dat
1467 3076 1569 3136 altijd
1597 3076 1697 3136 doet,
1722 3076 1819 3136 want
1845 3076 1919 3136 Oor
1945 3076 2044 3136 heeft
2067 3076 2141 3136 niet

475 3222 558 3282 1o8
