2479 3508
352 327 427 387 zon
461 326 626 386 routine.
658 324 712 384 We
738 329 925 389 beginnen
956 327 1034 387 hier
1060 327 1091 387 al
1114 327 1184 387 zon
1218 327 1335 387 beetje
1364 327 1392 387 te
1421 327 1625 387 rommelen
1659 329 1695 389 en
1729 330 1768 390 op
1802 330 1833 390 te
1859 331 2025 391 ruimen.

359 395 578 455 November
603 397 684 457 gaan
714 396 761 456 we
788 395 883 455 over.
907 395 960 455 We
984 398 1129 458 hebben
1156 396 1216 456 een
1243 395 1624 455 verhuisvergunning
1651 398 1846 458 gekregen.
1868 399 1921 459 De
1945 401 2056 461 mees-

352 467 413 527 ten
438 470 576 530 krijgen
606 469 656 529 die
681 467 774 527 niet,
793 469 891 529 maar
913 469 974 529 een
1001 469 1121 529 relatie
1146 467 1223 527 zegt
1244 467 1519 527 tegenwoordig
1549 467 1623 527 veel

352 541 389 601 lk
420 539 474 599 eet
500 541 616 601 iedere
645 539 707 599 dag
739 539 799 599 een
828 541 947 601 rauwe
975 542 1137 602 geraspte
1166 542 1274 602 appel
1297 542 1334 602 en
1366 541 1428 601 dat
1451 541 1533 601 vind
1565 542 1593 602 ik
1622 542 1792 602 heerlijk.
1818 542 1898 602 Ook
1929 543 1994 603 heb
2026 544 2054 604 ik

360 611 522 671 vandaag
553 610 622 670 drie
648 613 838 673 biscuitjes
864 613 1085 673 opgegeten.

350 760 389 820 14
416 757 559 817 oktober
578 757 660 817 1943
688 760 888 820 donderdag

354 828 387 888 lk
414 828 476 888 ben
504 829 664 889 vandaag
686 828 852 888 ingeënt.
874 831 1018 891 Dokter
1037 831 1132 891 vond
1154 831 1219 891 mij
1239 829 1301 889 ook
1329 830 1404 890 niet
1424 829 1451 889 te
1473 828 1549 888 dik.
1568 828 1608 888 Er
1628 829 1742 889 waren
1767 830 1843 890 hier
1859 828 2049 888 kennissen

363 900 425 960 van
455 903 536 963 ons,
557 903 611 963 die
636 904 695 964 dat
717 906 893 966 dachten.
915 905 961 965 Ze
985 905 1085 965 heeft
1107 903 1161 963 me
1186 904 1367 964 helemaal
1389 903 1632 963 onderzocht,
1654 903 1735 963 alles
1757 905 1825 965 was
1847 906 1992 966 piektijn
2025 907 2052 967 in

361 975 467 1035 orde,
489 975 597 1035 alleen
627 976 713 1036 krijg
743 977 770 1037 ik
803 978 818 1038 's
843 978 1016 1038 morgens
1041 978 1124 1038 geen
1155 978 1216 1038 pap
1249 978 1360 1038 meer,
1382 978 1482 1038 maar
1506 975 1563 1035 een
1593 975 1725 1035 sneetje
1753 977 1872 1037 brood
1899 977 2056 1037 geweekt

355 1046 391 1106 in
420 1046 545 1106 melk.

352 1116 469 1176 Greet
490 1118 586 1178 hield
612 1121 666 1181 me
692 1121 764 1181 vast
785 1121 918 1181 terwijl
940 1121 1070 1181 dokter
1091 1121 1144 1181 me
1171 1122 1229 1182 een
1256 1122 1341 1182 paar
1363 1121 1583 1181 krabbeltjes
1607 1121 1687 1181 over
1708 1121 1793 1181 mijn
1823 1121 2054 1181 schoudertje

360 1195 437 1255 gat.
457 1190 545 1250 Even
570 1190 667 1250 kikte
689 1192 739 1252 ik,
756 1193 855 1253 maar
875 1194 969 1254 werd
994 1193 1105 1253 direct
1127 1195 1276 1255 afgeleid
1302 1193 1393 1253 door
1412 1194 1451 1254 de
1473 1193 1595 1253 mooie
1620 1193 1786 1253 nikkelen
1814 1193 1880 1253 dop
1909 1193 1966 1253 van
1994 1194 2052 1254 een

350 1262 450 1322 Hesje
480 1262 540 1322 van
576 1263 613 1323 de
644 1264 790 1324 dokter.
812 1264 959 1324 Dokter
984 1264 1141 1324 vertelde
1169 1267 1239 1327 nog
1272 1267 1332 1327 dat
1357 1267 1392 1327 ze
1419 1267 1509 1327 onze
1537 1267 1634 1327 eigen
1667 1267 1800 1327 dokter
1828 1267 1983 1327 Venema
2016 1267 2048 1327 op

362 1336 543 1396 klompen
570 1333 598 1393 in
631 1335 753 1395 Vught
771 1338 847 1398 had
865 1337 937 1397 zien
964 1336 1092 1396 lopen.

350 1408 452 1468 stalie
481 1407 580 1467 heeft
610 1409 649 1469 de
678 1410 803 1470 oorlog
838 1411 895 1471 aan
929 1411 1134 1471 Duitsland
1166 1413 1351 1473 verklaard
1380 1413 1417 1473 en
1448 1412 1625 1472 Portugal
1648 1412 1747 1472 heeft
1776 1413 1813 1473 de
1845 1413 1981 1473 Aroren
2016 1408 2058 1468 ei¬

354 1482 490 1542 landen
520 1482 550 1542 in
580 1483 770 1543 bruikleen
803 1484 862 1544 aan
892 1484 930 1544 de
957 1485 1196 1545 geallieerden
1227 1484 1427 1544 afgestaan.
1452 1483 1506 1543 De
1536 1482 1780 1542 Amerikanen
1811 1485 1848 1545 en
1878 1482 2049 1542 Engelsen

354 1553 495 1613 rukken
526 1554 563 1614 op
594 1554 624 1614 in
652 1554 748 1614 stalié
776 1554 811 1614 en
842 1554 880 1614 de
908 1555 1044 1615 Russen
1070 1557 1267 1617 heroveren
1295 1557 1411 1617 steeds
1434 1555 1581 1615 terrein.
1606 1556 1644 1616 Ei
1669 1555 1816 1615 worden
1847 1554 1904 1614 aan
1933 1554 2056 1614 weers-

352 1625 493 1685 kanten
516 1625 600 1685 heel
621 1625 688 1685 wat
709 1625 931 1685 vliegtuigen
957 1628 1043 1688 naar
1064 1628 1234 1688 beneden
1260 1628 1476 1688 geschoten.

355 1766 387 1826 15
412 1769 557 1829 oktober
575 1769 658 1829 1943
685 1772 821 1832 vrijdag

361 1840 418 1900 De
443 1840 526 1900 mist
548 1840 599 1900 die
627 1840 751 1900 enkele
776 1841 886 1901 dagen
908 1840 1025 1900 boven
1055 1840 1092 1900 de
1114 1840 1190 1900 stad
1212 1841 1295 1901 hing
1320 1840 1344 1900 is
1369 1839 1620 1899 opgetrokken
1648 1840 1683 1900 en
1707 1840 1756 1900 we
1780 1840 1861 1900 gaan
1891 1843 2056 1903 vanmid¬

362 1912 429 1972 dag
457 1912 665 1972 wandelen.
687 1914 795 1974 Lante
819 1912 971 1972 Hennie
993 1914 1093 1974 heeft
1115 1912 1180 1972 ons
1202 1912 1285 1972 even
1312 1913 1388 1973 met
1410 1912 1472 1972 het
1491 1912 1578 1972 werk
1611 1913 1811 1973 geholpen.
1833 1914 1943 1974 Greet
1962 1915 2060 1975 heeft

361 1988 451 2048 gauw
496 1985 526 2045 al
550 1987 635 2047 mijn
669 1985 777 2045 luiers
801 1986 927 2046 buiten
959 1987 1168 2047 gehangen,
1194 1987 1289 2047 want
1318 1987 1354 2047 de
1383 1985 1506 2045 laatste
1538 1984 1646 2044 dagen
1680 1984 1747 2044 was
1776 1985 1809 2045 er
1833 1986 1949 2046 steeds
1977 1985 2060 2045 mist

354 2056 526 2116 geweest,
549 2055 612 2115 dus
635 2056 718 2116 geen
747 2057 858 2117 droog
886 2056 989 2116 weer.
1012 2057 1065 2117 We
1088 2058 1245 2118 stonden
1274 2058 1357 2118 juist
1380 2057 1418 2117 op
1446 2056 1509 2116 het
1527 2058 1623 2118 punt
1643 2059 1704 2119 van
1732 2060 1873 2120 uitgaan
1901 2058 1982 2118 toen
2010 2059 2056 2119 we

359 2127 560 2187 luchtalarm
606 2126 758 2186 kregen.
782 2127 836 2187 We
861 2127 1004 2187 hadden
1035 2128 1097 2188 alle
1108 2127 1178 2187 drie
1203 2127 1240 2187 de
1265 2127 1303 2187 pe
1327 2127 1379 2187 in,
1398 2127 1506 2187 mooi
1525 2127 1617 2187 weer
1637 2127 1674 2187 en
1702 2127 1731 2187 al
1753 2127 1810 2187 een
1837 2128 1921 2188 paar
1946 2127 2054 2187 dagen

357 2199 460 2259 thuis
481 2196 636 2256 geweest
657 2197 691 2257 en
717 2198 758 2258 nu
789 2197 836 2257 we
862 2198 929 2258 weg
955 2199 1103 2259 konden
1131 2199 1191 2259 dat
1209 2199 1343 2259 akelige
1367 2199 1605 2259 luchtalarm,
1623 2199 1716 2259 entin
1745 2199 1784 2259 na
1810 2199 1869 2259 een
1893 2199 2061 2259 kwartier

360 2270 513 2330 konden
544 2267 595 2327 we
621 2269 728 2329 gaan.
760 2269 813 2329 We
842 2268 987 2328 hebben
1018 2270 1165 2330 heerlijk
1197 2270 1415 2330 gewandeld
1443 2270 1480 2330 en
1515 2271 1554 2331 op
1588 2270 1628 2330 de
1656 2268 1838 2328 terugweg
1866 2270 1934 2330 hen
1966 2270 1991 2330 ik
2025 2270 2053 2330 in

354 2344 450 2404 slaap
482 2342 709 2402 gesukkeld.

359 2484 396 2544 16
423 2482 564 2542 oktober
583 2482 666 2542 1943
690 2482 850 2542 zaterdag

359 2554 393 2614 lk
421 2554 483 2614 heb
512 2554 665 2614 gisteren
688 2554 750 2614 van
776 2555 852 2615 Cor
873 2555 909 2615 en
935 2553 1046 2613 Greet
1066 2553 1125 2613 een
1148 2554 1403 2614 hobbespaard
1426 2554 1622 2614 gekregen,
1639 2552 1664 2612 ik
1690 2552 1789 2612 vond
1812 2554 1872 2614 het
1892 2554 1943 2614 erg
1966 2555 2064 2615 leuk.

359 2629 408 2689 Le
438 2629 552 2689 zetten
579 2629 636 2689 me
664 2629 845 2689 helemaal
867 2629 897 2689 in
927 2629 967 2689 de
992 2629 1147 2689 kussens
1169 2627 1207 2687 en
1237 2626 1299 2686 het
1321 2628 1427 2688 paard
1454 2629 1565 2689 krijgt
1587 2629 1647 2689 een
1677 2629 1763 2689 doek
1796 2629 1834 2689 om
1881 2631 1946 2691 zijn
1976 2630 2065 2690 kop,

352 2703 552 2763 aangezien
580 2703 606 2763 ik
640 2701 705 2761 mij
728 2701 845 2761 steeds
871 2700 1024 2760 stootte,
1045 2703 1146 2763 maar
1170 2703 1195 2763 ik
1227 2701 1289 2761 liet
1313 2700 1380 2760 mij
1401 2700 1520 2760 steeds
1544 2700 1757 2760 achterover
1780 2703 1892 2763 vallen
1923 2703 1959 2763 en
1991 2703 2055 2763 had

356 2775 423 2835 Aan
455 2774 492 2834 de
522 2774 681 2834 grootste
705 2775 824 2835 schik.
850 2775 914 2835 Van
944 2776 1030 2836 mijn
1060 2775 1214 2835 pokkies
1241 2775 1604 2835 (pokkeninenting)
1624 2775 1688 2835 heb
1720 2775 1746 2835 ik
1776 2776 1845 2836 nog
1875 2776 1956 2836 geen
1985 2778 2063 2838 last.

352 2847 389 2907 lk
420 2849 520 2909 kruip
554 2849 602 2909 als
628 2848 688 2908 een
720 2848 770 2908 rat
794 2849 896 2909 langs
922 2851 959 2911 de
988 2852 1104 2912 grond
1136 2849 1172 2909 en
1201 2849 1281 2909 Cor
1304 2849 1341 2909 en
1372 2849 1486 2909 Greet
1509 2849 1654 2909 hebben
1686 2848 1768 2908 geen
1803 2852 1891 2912 ogen
1922 2849 2056 2909 genoeg

352 2921 398 2981 om
445 2923 481 2983 op
513 2923 580 2983 mij
601 2923 629 2983 te
653 2921 785 2981 letten.
811 2924 972 2984 Vandaag
998 2925 1146 2985 hadden
1172 2924 1221 2984 we
1247 2921 1333 2981 twee
1356 2924 1439 2984 keer
1460 2924 1699 2984 luchtalarm,
1720 2924 1821 2984 maar
1842 2922 1888 2982 we
1915 2921 2057 2981 hebben

353 2996 454 3056 niets
481 2999 674 3059 gehoord.

1929 3214 2010 3274 109
