2479 3508
447 336 462 396 8
490 333 677 393 november
695 333 775 393 1943
801 333 976 393 maandag

448 398 510 458 We
535 401 640 461 zitten
668 402 697 462 in
727 404 765 464 de
790 402 1093 462 Memlingstraat
1112 404 1150 464 en
1175 404 1239 464 zijn
1267 401 1438 461 eindelijk
1468 402 1524 462 een
1549 401 1644 461 klein
1668 404 1785 464 beetje
1810 404 1847 464 op
1877 402 1980 462 orde,
1997 402 2059 462 het
2081 402 2145 462 was

439 475 502 535 een
533 475 611 535 hele
639 476 789 536 drukte.
809 476 840 536 Ik
871 476 937 536 ben
971 477 1029 537 een
1057 478 1143 538 paar
1169 476 1280 536 dagen
1311 476 1363 536 bij
1386 478 1495 538 Lante
1523 476 1639 536 Annie
1668 476 1824 536 geweest
1849 476 1907 536 dat
1932 473 1991 533 wil
2013 475 2057 535 zes

448 548 621 608 overdag,
643 548 740 608 want
762 548 778 608 's
798 548 927 608 nachts
949 548 1068 608 moest
1090 548 1114 608 ik
1144 550 1242 610 thuis
1261 548 1347 608 zijn,
1366 550 1442 610 Cor
1464 549 1567 609 wilde
1589 549 1664 609 niet
1686 548 1824 608 zonder
1844 550 1922 610 mij.
1941 548 2016 608 Het
2036 548 2062 608 is
2084 549 2136 609 een

439 620 528 680 heel
550 621 656 681 mooi
681 622 777 682 huis,
802 622 860 682 een
893 622 991 682 grote
1019 624 1114 684 salon
1147 622 1225 682 met
1248 622 1309 682 een
1341 622 1432 682 vaste
1462 622 1706 682 boekenkast,
1733 622 1792 682 een
1822 622 1920 682 grote
1950 622 2147 682 eetkamer,

440 694 561 754 boven
590 694 662 754 vier
683 695 843 755 kamers.
865 694 895 754 Ik
927 694 989 754 heb
1023 694 1087 754 ook
1118 696 1178 756 een
1206 697 1305 757 eigen
1334 694 1512 754 kamertje
1536 695 1613 755 met
1634 695 1693 755 een
1725 694 1807 754 rand
1839 696 1898 756 van
1927 694 2074 754 bokken
2105 697 2139 757 en

446 768 628 828 schapen.
645 768 675 828 Ik
703 767 767 827 ben
792 768 861 828 nog
886 768 961 828 niet
981 768 1172 828 gewogen.
1192 766 1222 826 Ik
1247 768 1310 828 heb
1338 769 1433 829 bijna
1458 767 1543 827 twee
1566 768 1721 828 tandjes.
1743 768 1796 828 De
1815 766 1948 826 roofjes
1971 766 2029 826 van
2057 766 2139 826 mijn

448 840 606 900 pokkies
626 840 691 900 zijn
717 839 753 899 er
774 838 966 898 afgevallen
995 838 1031 898 en
1057 838 1085 898 ik
1114 840 1176 900 heb
1205 840 1363 900 vandaag
1392 840 1448 900 een
1477 839 1525 899 ylo
1554 839 1686 899 gehad,
1706 840 1760 900 die
1786 840 1840 900 me
1865 839 1925 899 alle
1948 839 2140 899 mogelijke

441 909 571 969 bulten
599 909 699 969 heeft
718 909 896 969 bezorgd.
916 910 946 970 Ik
974 909 1040 969 ben
1068 912 1137 972 nog
1166 912 1282 972 steeds
1304 914 1362 974 een
1393 912 1493 972 echte
1516 912 1729 972 smuspaap.
1749 912 1782 972 In
1813 912 1851 972 de
1877 912 2146 972 Scheldestraat

436 981 586 1041 hebben
616 981 676 1041 wij
700 981 760 1041 een
787 983 896 1043 boete
924 984 1122 1044 gekregen,
1147 987 1340 1047 aangezien
1370 984 1433 1044 het
1452 984 1544 1044 licht
1569 984 1637 1044 was
1662 983 1795 1043 blijven
1825 984 1988 1044 branden
2021 984 2059 1044 en
2089 987 2146 1047 wij

436 1053 516 1113 niet
542 1053 630 1113 goed
664 1054 892 1114 verduisterd
919 1055 1053 1115 waren.
1080 1055 1121 1115 ft
1147 1055 1173 1115 is
1199 1055 1277 1115 hier
1303 1056 1360 1116 een
1394 1058 1503 1118 agent
1529 1055 1697 1115 geweest,
1721 1054 1767 1114 ja,
1791 1054 1850 1114 een
1885 1055 1944 1115 van
1978 1055 2019 1115 de
2048 1055 2141 1115 oude

439 1125 569 1185 garde.
589 1126 652 1186 Hij
672 1124 772 1184 heeft
795 1125 925 1185 gedaan
956 1127 1022 1187 wat
1042 1129 1095 1189 hij
1112 1130 1181 1190 kon
1212 1129 1248 1189 om
1295 1127 1359 1187 ons
1382 1127 1412 1187 te
1434 1129 1648 1189 verzachten
1677 1127 2066 1187 (verontschuldigen,
2085 1128 2143 1188 vrij

443 1198 478 1258 te
501 1196 672 1256 pleiten).
701 1196 753 1256 We
778 1197 942 1257 wachten
967 1199 1008 1259 nu
1039 1201 1138 1261 maar
1158 1201 1188 1261 af
1211 1200 1246 1260 of
1266 1199 1327 1259 het
1344 1198 1435 1258 licht
1455 1200 1491 1260 14
1516 1201 1626 1261 dagen
1655 1198 1871 1258 afgesneden
1899 1201 1951 1261 zal
1971 1201 2137 1261 worden.

438 1270 497 1330 De
529 1270 608 1330 Krim
660 1271 685 1331 is
714 1270 805 1330 door
834 1270 870 1330 de
899 1271 1038 1331 Russen
1070 1270 1175 1330 bezet
1198 1270 1237 1330 en
1269 1270 1354 1330 Kiet
1377 1272 1402 1332 is
1428 1271 1625 1331 heroverd.
1650 1272 1696 1332 Ze
1724 1273 1789 1333 zijn
1821 1273 1889 1333 nog
1924 1273 1960 1333 45
1989 1273 2029 1333 km
2080 1274 2137 1334 van

439 1342 481 1402 de
509 1342 634 1402 Poolse
659 1343 781 1403 grens.
804 1344 896 1404 Joch
927 1343 1079 1403 gebeurt
1102 1342 1138 1402 er
1158 1344 1252 1404 niets
1275 1345 1503 1405 bijzonders.
1525 1345 1611 1405 Men
1642 1343 1734 1403 regt:
1759 1342 1820 1402 het
1846 1346 2007 1406 Vaticaan
2040 1345 2065 1405 is
2088 1345 2140 1405 ge

440 1415 737 1475 bombardeerd,
761 1416 843 1476 men
875 1416 968 1476 regt:
995 1416 1023 1476 in
1058 1417 1273 1477 Oostenrijk
1305 1416 1329 1476 is
1358 1416 1416 1476 een
1449 1416 1623 1476 revolutie
1653 1416 1918 1476 uitgebroken,
1942 1418 2021 1478 men
2056 1416 2143 1476 zegt,

436 1488 471 1548 in
501 1488 618 1548 Rome
645 1488 669 1548 is
691 1488 751 1548 een
781 1488 1113 1548 Jodenvervolging
1140 1491 1338 1551 begonnen
1366 1491 1404 1551 en
1431 1491 1512 1551 men
1540 1491 1622 1551 zegt
1644 1491 1703 1551 dat
1728 1491 1766 1551 de
1788 1491 1926 1551 koning
1956 1488 2016 1548 van
2046 1488 2138 1548 Stalie

440 1561 548 1621 moet
566 1560 748 1620 attreden,
766 1563 826 1623 dat
844 1563 907 1623 zijn
933 1560 1023 1620 zoon
1052 1562 1228 1622 Emberto
1256 1563 1319 1623 ook
1347 1560 1423 1620 niet
1441 1560 1499 1620 aan
1525 1560 1585 1620 het
1603 1561 1749 1621 bewind
1775 1560 1850 1620 mag
1873 1562 2030 1622 komen,
2048 1560 2144 1620 maar

445 1626 515 1686 wel
535 1630 572 1690 de
594 1630 810 1690 kleinzoon.
827 1631 870 1691 Er
889 1631 913 1691 is
935 1631 1054 1691 overal
1073 1631 1219 1691 gisting.
1238 1634 1278 1694 Er
1300 1634 1362 1694 zijn
1390 1631 1552 1691 verleden
1579 1631 1668 1691 week
1698 1631 1790 1691 zoo0
1814 1631 2033 1691 vliegtuigen
2061 1632 2141 1692 naar

439 1702 647 1762 Duitsland
670 1702 826 1762 geweest
846 1702 884 1762 en
913 1703 949 1763 de
974 1703 1105 1763 Keulse
1130 1704 1211 1764 Dom
1256 1703 1359 1763 moet
1378 1703 1462 1763 heel
1482 1703 1593 1763 zwaar
1613 1704 1841 1764 beschadigd
1864 1705 1947 1765 zijn.

445 1775 479 1835 Ik
506 1775 664 1835 probeer
683 1775 754 1835 nog
778 1775 855 1835 niet
876 1775 913 1835 om
958 1775 990 1835 te
1011 1777 1127 1837 staan,
1149 1775 1215 1835 ook
1244 1777 1305 1837 heb
1337 1775 1363 1835 ik
1390 1775 1466 1835 niet
1487 1775 1564 1835 veel
1583 1775 1749 1835 interesse
1776 1777 1813 1837 om
1858 1778 1889 1838 te
1913 1775 2088 1835 kruipen.
2107 1775 2138 1835 Ik

436 1843 488 1903 zit
507 1845 575 1905 wel
597 1845 741 1905 rechtop
774 1846 800 1906 in
831 1847 917 1907 mijn
945 1846 1086 1906 stoeltje
1111 1848 1149 1908 en
1179 1849 1217 1909 op
1250 1849 1288 1909 de
1312 1849 1429 1909 grond
1456 1849 1492 1909 of
1511 1849 1540 1909 in
1568 1849 1655 1909 mijn
1685 1846 1775 1906 box,
1791 1846 1892 1906 maar
1914 1848 2038 1908 verder
2063 1847 2145 1907 durt

438 1915 467 1975 ik
496 1915 562 1975 nog
589 1916 666 1976 niet
688 1915 761 1975 veel
780 1915 807 1975 te
831 1918 1106 1978 ondernemen.
1128 1918 1183 1978 Als
1202 1918 1234 1978 ik
1258 1918 1316 1978 een
1343 1918 1451 1978 kopje
1473 1918 1539 1978 zie,
1558 1918 1616 1978 wil
1635 1918 1661 1978 ik
1691 1918 1841 1978 drinken
1868 1918 1905 1978 en
1932 1918 1977 1978 als
1998 1918 2024 1978 ik
2051 1918 2136 1978 mijn

437 1987 570 2047 bordje
592 1987 639 2047 zie
665 1989 726 2049 dan
757 1987 843 2047 krijg
868 1987 895 2047 ik
924 1989 982 2049 een
1010 1990 1099 2050 rood
1121 1990 1241 2050 hoofd
1266 1990 1302 2050 en
1327 1990 1430 2050 begin
1459 1990 1542 2050 heel
1559 1990 1673 2050 zwaar
1695 1990 1723 2050 te
1745 1990 1929 2050 kreunen.
1951 1990 2007 2050 Op
2035 1990 2140 2050 heren

436 2058 504 2118 ben
537 2058 566 2118 ik
599 2061 683 2121 gek,
705 2058 833 2118 dames
855 2058 949 2118 laten
980 2058 1044 2118 mij
1069 2060 1169 2120 koud
1200 2061 1237 2121 op
1270 2061 1332 2121 een
1363 2061 1490 2121 enkele
1517 2060 1778 2120 uitzondering
1808 2061 1867 2121 na.
1890 2061 1922 2121 lk
1952 2062 2049 2122 hoop
2085 2061 2145 2121 dat

436 2127 499 2187 wij
527 2130 676 2190 morgen
709 2130 792 2190 even
825 2132 909 2192 gaan
942 2133 1152 2193 wandelen,
1178 2134 1357 2194 alhoewel
1382 2133 1443 2193 het
1466 2132 1559 2192 weer
1582 2133 1699 2193 slecht
1724 2133 1861 2193 wordt,
1886 2133 2013 2193 damp,
2036 2133 2139 2193 tegen

441 2202 484 2262 en
513 2202 662 2262 koude.

445 2342 461 2402 9
485 2345 672 2405 november
693 2344 772 2404 1943
799 2348 941 2408 dinsdag

441 2417 552 2477 lante
582 2414 731 2474 Hennie
759 2417 826 2477 was
851 2417 932 2477 jarig
962 2420 1120 2480 vandaag
1150 2417 1188 2477 en
1218 2419 1331 2479 Greet
1353 2417 1377 2477 is
1402 2420 1486 2480 daar
1508 2420 1668 2480 vandaag
1698 2420 1785 2480 naar
1807 2420 1864 2480 toe
1891 2419 2059 2479 geweest.
2089 2418 2154 2478 We

432 2489 501 2549 zijn
533 2488 756 2548 vanmiddag
789 2488 905 2548 wezen
938 2493 1148 2553 wandelen,
1175 2491 1286 2551 Greet
1311 2491 1350 2551 en
1380 2491 1430 2551 ik.
1454 2491 1531 2551 Het
1555 2491 1625 2551 was
1652 2491 1811 2551 tamelijk
1846 2493 1992 2553 dampig
2024 2491 2061 2551 en
2093 2491 2154 2551 we

439 2560 588 2620 hebben
622 2563 683 2623 het
708 2563 810 2623 maar
836 2563 916 2623 niet
941 2563 977 2623 zo
1008 2566 1088 2626 lang
1122 2566 1308 2626 gemaakt.
1333 2564 1366 2624 Ik
1399 2564 1463 2624 heb
1499 2563 1552 2623 erg
1589 2563 1663 2623 veel
1689 2566 1755 2626 last
1783 2565 1844 2625 van
1877 2565 2071 2625 galbultjes
2099 2566 2135 2626 en

431 2635 498 2695 dat
524 2636 629 2696 jeukt
655 2638 850 2698 geweldig.
877 2638 1031 2698 Plukkie
1061 2639 1087 2699 is
1116 2640 1343 2700 vanmorgen
1379 2638 1416 2698 op
1455 2641 1495 2701 de
1524 2641 1713 2701 schutting
1749 2641 1988 2701 geklommen
2023 2638 2061 2698 en
2093 2639 2145 2699 hij

438 2709 538 2769 kwam
588 2709 728 2769 terecht
749 2710 800 2770 bij
821 2712 857 2772 de
883 2713 1152 2773 huishoudster
1176 2710 1235 2770 van
1266 2712 1305 2772 de
1329 2712 1725 2772 stadscommandant.
1746 2712 1802 2772 Zij
1823 2710 1846 2770 is
1870 2711 2056 2771 trouwens
2082 2712 2136 2772 een

437 2784 645 2844 Hollandse
676 2784 714 2844 en
745 2784 815 2844 wel
837 2785 973 2845 aardig.
1001 2784 1135 2844 Dikkie
1163 2784 1293 2844 begint
1321 2785 1385 2845 ook
1419 2784 1449 2844 te
1477 2786 1652 2846 wennen,
1677 2787 1777 2847 maar
1805 2786 1869 2846 ons
1894 2784 2014 2844 kleine
2045 2784 2142 2844 heest

438 2855 594 2915 kunnen
621 2855 668 2915 we
693 2856 767 2916 niet
788 2855 814 2915 te
839 2856 979 2916 pakken
1006 2858 1141 2918 krijgen
1168 2858 1204 2918 en
1231 2858 1316 2918 deze
1338 2858 1361 2918 is
1383 2857 1449 2917 dus
1467 2855 1536 2915 nog
1563 2856 1679 2916 steeds
1701 2857 1730 2917 in
1757 2856 1817 2916 het
1839 2855 1932 2915 oude
1953 2857 2051 2917 huis.
2070 2853 2144 2913 Het

430 2927 457 2987 is
480 2927 547 2987 wel
566 2929 622 2989 een
647 2929 762 2989 heetje
784 2930 895 2990 akelig
921 2929 949 2989 te
971 2929 1082 2989 weten
1111 2930 1169 2990 dat
1186 2930 1239 2990 hij
1259 2930 1484 2990 onverzorgd
1507 2930 1546 2990 is.
1566 2930 1646 2990 Ons
1666 2930 1747 2990 huis
1767 2930 1791 2990 is
1811 2930 1878 2990 nog
1900 2931 1981 2991 lang
2004 2930 2079 2990 niet
2101 2930 2135 2990 op

430 3000 539 3060 orde,
558 3002 659 3062 maar
678 2999 964 3059 successievelijk
989 3002 1098 3062 komt
1117 3002 1180 3062 het
1199 3002 1264 3062 wel
1284 3002 1439 3062 terecht.
1461 3002 1529 3062 Wij
1551 3004 1656 3064 zitten
1682 3003 1760 3063 hier
1780 3004 1850 3064 vlak
1878 3003 1929 3063 bij
1949 3003 1987 3063 de
2009 3005 2139 3065 groene

439 3073 570 3133 positie
596 3076 632 3136 en
662 3076 701 3136 de
724 3073 801 3133 hele
827 3076 887 3136 dag
916 3075 1001 3135 tijdt
1018 3076 1098 3136 hier
1118 3075 1158 3135 de
1184 3076 1474 3136 overvalwagen.

471 3221 555 3281 II2
