1500 1203
784 605 799 665 en
817 605 835 665 ge

857 603 870 663 i
889 603 900 663 de
907 603 934 663 mon
948 601 995 661 tween

782 625 818 685 oe
829 624 851 684 de

814 688 996 724 Boek tot bevordering en
976 716 1011 735 tevens
1003 682 1200 713 voeding der Egocentriciteit
804 722 838 782 stel
858 718 879 778 tot
896 715 902 775 t
916 714 1006 774 zijdeschuuring
1018 714 1040 774 van
1059 709 1131 769 malende
1141 709 1196 769 belangen

806 773 832 833 ens
847 772 872 832 zal
883 769 886 829 t
907 769 927 829 een
939 769 978 829 dame
991 767 1013 827 zijn
1028 765 1049 825 van
1067 764 1082 824 en
1094 762 1122 822 jaar
1141 761 1153 821 of
1163 761 1205 821 veelig
1220 760 1232 820 of
1240 759 1309 819 missekien
1323 759 1365 819 vijftig

806 803 818 863 te
831 799 851 859 des
865 797 885 857 mij
897 795 924 855 voor
940 794 961 854 dat
993 791 1012 851 den
1031 790 1042 850 op
1057 789 1075 849 een
1094 789 1128 849 zome
1159 789 1185 849 dag
1195 789 1208 849 in
1223 789 1236 849 de
1250 788 1332 848 Haarlemee
1347 789 1381 849 van
1398 790 1421 850 zit
1438 792 1452 852 on

799 830 846 890 groente
858 829 870 889 of
884 825 968 885 aardoppeen
978 823 989 883 te
1001 821 1039 881 halen
1053 820 1068 880 en
1083 819 1132 879 bloeve
1147 817 1173 877 van
1187 817 1221 877 mijn
1231 817 1269 877 gezin

795 865 831 925 Mijn
843 861 884 921 oger,
896 858 916 918 die
926 855 952 915 niet
963 855 995 915 meer
1009 853 1087 913 verlangend
1104 853 1118 913 of
1132 849 1194 909 hongerig
1207 849 1247 909 staan
1262 851 1277 911 of
1286 851 1331 911 vurig
1346 850 1409 910 glauzen
1429 853 1446 913 bij

805 889 889 949 verrullelik
908 887 961 947 ideimn,
968 885 1006 945 zouds
1020 883 1034 943 te
1050 881 1077 941 dat
1089 880 1105 940 in
1123 878 1137 938 de
1150 877 1227 937 jeugdjaren
1240 877 1283 937 plogen
1293 877 1302 937 te
1317 877 1368 937 doen,
1384 877 1424 937 zullen

806 919 855 979 vorerig
874 917 922 977 uitstan
948 916 975 976 over
994 913 1015 973 het
1029 910 1117 970 landsclap,
1132 907 1158 967 dat
1172 905 1197 965 zier
1214 905 1223 965 p
1245 905 1292 965 vrijuit
1305 904 1318 964 en
1333 903 1415 963 gemallelil

808 941 881 1001 belijkhaar
898 939 924 999 voor
941 939 961 999 den
980 937 1078 997 hempassagee
1097 935 1152 995 ontrelt
1176 929 1193 989 zy
1210 929 1254 989 zullen
1273 929 1310 989 zelfs
1325 929 1356 989 niet
1372 931 1429 991 onzelen

807 969 862 1029 staan,
872 967 902 1027 also
925 967 946 1027 zij
957 967 984 1027 niet
999 967 1037 1027 weten
1056 965 1071 1025 of
1091 963 1107 1023 de
1122 963 1233 1023 persoonlikhed
1251 961 1276 1021 aan
1290 961 1314 1021 wie
1330 959 1348 1019 zij
1357 961 1406 1021 beleren

800 995 819 1055 zel
833 993 912 1053 verantwonrd
926 993 939 1053 is
952 993 979 1053 voor
995 993 1028 1053 haar
1043 991 1099 1051 bestaan
1121 991 1133 1051 en
1146 991 1171 1051 geen
1186 991 1221 1051 man
1238 991 1266 1051 zal
1284 991 1314 1051 zich
1337 991 1364 1051 hee
1379 991 1435 1051 getallend

803 1019 901 1079 voorovertuigen
918 1019 935 1079 om
957 1019 972 1079 de
985 1019 1050 1079 gedaellen
1063 1019 1078 1079 en
1088 1017 1110 1077 uit
1123 1017 1128 1077 t
1148 1017 1185 1077 eenen
1199 1017 1239 1077 want
1251 1017 1265 1077 en
1273 1017 1300 1077 zijn
1314 1017 1343 1077 geen
1358 1020 1436 1080 gedachten
1448 1024 1457 1084 in

802 1043 833 1103 Myn
843 1044 889 1104 uitarlijk
903 1043 932 1103 stelt
940 1043 960 1103 mij
968 1044 993 1104 geen
1005 1045 1083 1105 problenen;
1097 1043 1120 1103 het
1129 1044 1163 1104 heeft
1175 1043 1203 1103 zich
1218 1044 1297 1104 overgegeven
1313 1045 1341 1105 aan
1354 1047 1366 1107 de
1376 1047 1401 1107 tijd
1424 1049 1436 1109 en

804 1071 856 1131 tisdaar
878 1071 893 1131 de
913 1071 947 1131 staat
957 1071 967 1131 is
976 1069 992 1129 ter
1008 1070 1092 1130 bevelouing
1109 1071 1131 1131 als
1150 1071 1170 1131 een
1188 1072 1268 1132 geschilderd
1287 1073 1344 1133 portiet,
1353 1077 1418 1137 waaraan
1434 1077 1447 1137 de

801 1095 847 1155 malen
862 1095 881 1155 een
899 1094 932 1154 leven
948 1093 982 1153 heeft
993 1093 1043 1153 gewakt
1055 1093 1068 1153 al
1080 1093 1141 1153 werdders
1156 1095 1181 1155 met
1190 1095 1212 1155 sin
1221 1095 1286 1155 posemen
1310 1095 1328 1155 hi
1343 1093 1378 1153 heeft
1393 1094 1416 1154 het
1428 1095 1432 1155 m

819 1139 1009 1160 gesigneerd; het is volbracht,
897 1137 909 1197 te
915 1135 956 1195 telets
962 1135 986 1195 niet
993 1135 1020 1195 vaer
1028 1134 1087 1194 geschaaft

1035 1142 1436 1166 het was het hoogste van zijn kunnen en neem het maar
1344 1137 1378 1197 voor
1392 1137 1422 1197 det
