1500 1201
1128 8 1194 68 Beselouus
1207 6 1229 66 het
1246 6 1291 66 zonder
1308 6 1394 66 mededogen,
1404 8 1426 68 all

1133 29 1217 89 gepubliceerd
1232 26 1261 86 werk
1277 26 1321 86 noodt
1336 26 1358 86 tot
1370 26 1422 86 ertiel.
1431 27 1442 87 in

1128 52 1138 112 e
1153 50 1165 110 de
1180 50 1184 110 &
1201 49 1218 109 een
1229 46 1297 106 weemaedig
1312 46 1377 106 verlangen
1391 46 1448 106 bevangen

1123 72 1149 132 an
1164 72 1183 132 het
1195 68 1270 128 onvelbonde
1280 67 1309 127 werk
1324 69 1343 129 der
1356 66 1416 126 zeekende

1131 93 1154 153 den
1163 92 1216 152 sraars
1241 88 1247 148 d
1267 86 1297 146 zult
1309 86 1383 146 verlangend
1400 84 1433 144 rond

1124 119 1154 179 gaen
1168 116 1203 176 zijder
1216 115 1251 175 naar
1266 110 1281 170 de
1295 108 1332 168 opzet
1344 108 1371 168 van
1384 106 1406 166 den
1420 106 1460 166 ander

1124 142 1184 202 pertiet,
1189 137 1249 197 waarover
1262 136 1275 196 gi
1288 134 1313 194 nog
1329 133 1353 193 geen
1367 130 1420 190 oordeel
1429 130 1464 190 welken

1127 164 1186 224 moogt,
1195 162 1201 222 e
1217 158 1249 218 zulk
1263 156 1276 216 e
1290 155 1327 215 dert
1341 154 1377 214 naar
1388 152 1452 212 selooret

1120 188 1175 248 beseelen
1196 186 1221 246 aan
1236 183 1250 243 de
1261 180 1288 240 tere
1305 177 1342 237 lijnen
1355 176 1376 236 ver
1390 176 1408 236 een
1422 177 1461 237 mond

1123 214 1154 274 aan
1168 214 1181 274 de
1192 210 1236 270 danre
1259 206 1282 266 van
1295 205 1326 265 door
1340 204 1379 264 zovel
1400 204 1455 264 penseel¬

1118 236 1167 296 thelen
1183 235 1209 295 nog
1223 233 1249 293 met
1263 229 1309 289 gedode
1323 228 1364 288 egen,
1372 227 1398 287 aan
1413 226 1431 286 de

1126 261 1166 321 rachte
1177 258 1224 318 tutsen
1237 258 1250 318 op
1269 254 1339 314 voorhoofd
1360 250 1373 310 en
1386 250 1439 310 wangen

1126 283 1175 343 waesop
1189 282 1206 342 een
1219 280 1282 340 durende
1295 276 1334 336 land
1350 274 1377 334 nag
1392 274 1418 334 gan
1430 274 1468 334 lijnen

1127 310 1161 370 heeft
1174 306 1277 366 aangetracht,
1287 302 1314 362 aan
1329 301 1345 361 de
1361 298 1402 358 wiste
1416 298 1456 358 opzet

1130 332 1153 392 van
1166 332 1180 392 de
1195 327 1311 387 goudvondelende
1327 324 1379 384 haren,
1390 322 1432 382 alsof
1448 322 1462 382 de

1127 355 1210 415 eanstenaar
1226 353 1240 413 de
1251 352 1285 412 poei
1298 350 1311 410 en
1327 348 1341 408 de
1352 346 1430 406 implanting
1444 346 1470 406 met

1121 380 1151 440 meen
1166 378 1206 438 volgen
1221 377 1250 437 han
1295 372 1326 432 zulk
1341 370 1426 430 bewonderen

1120 402 1212 462 beworderen,
1223 401 1252 461 met
1265 397 1405 457 willenopmerken,
1417 394 1440 454 hae

1126 428 1146 488 het
1156 427 1199 487 portuet
1214 423 1237 483 zich
1252 422 1288 482 brugt
1302 420 1340 480 onder
1351 419 1365 479 uw
1385 416 1435 476 deellen

1126 454 1149 514 soo
1161 447 1181 507 het
1188 446 1216 506 miet
1227 445 1242 505 de
1253 444 1293 504 haren
1309 444 1356 504 schilt
1375 439 1389 499 en
1405 438 1418 498 de
1427 439 1473 499 blezend

1125 472 1173 532 vangen
1188 469 1234 529 taels
1246 466 1257 526 te
1270 465 1350 525 bedellen,
1363 462 1402 522 alsof
1417 458 1437 518 het

1127 490 1167 550 teggen
1178 490 1233 550 wilde.,
1246 487 1269 547 Och
1281 486 1308 546 neem
1325 485 1346 545 mij
1354 481 1382 541 niet
1393 480 1456 540 hwalik,

1184 514 1205 574 nog
1215 513 1231 573 een
1241 511 1274 571 desp
1295 508 1298 568 i
1316 506 1335 566 den
1351 506 1404 566 immers
1417 506 1441 566 nog

1129 537 1164 597 lang
1175 535 1201 595 met
1213 532 1279 592 volkoors
1293 528 1297 588 3

1126 558 1147 618 des
1160 554 1192 614 saat
1206 553 1226 613 mij
1237 552 1244 612 v
1279 550 1285 610 &
1300 550 1329 610 geest
1342 546 1363 606 hoe
1373 546 1384 606 ik
1400 544 1405 604 e
1422 544 1441 604 uit
1453 544 1472 604 zal

1125 577 1149 637 ten
1168 574 1188 634 ofs
1204 572 1216 632 ee
1235 570 1256 630 van
1272 570 1288 630 de
1305 568 1350 628 kaller
1370 566 1431 626 vrouwen,
1444 566 1459 626 de

1122 602 1136 662 gy
1150 596 1215 656 bgenkomt,
1222 594 1273 654 geduldg
1286 593 1344 653 waertens
1358 592 1369 652 in
1385 590 1399 650 de
1411 590 1433 650 lat
1443 590 1464 650 van

1127 624 1134 684 e
1156 620 1245 680 ponraal,
1256 617 1275 677 als
1289 614 1307 674 en
1321 612 1343 672 van
1358 613 1377 673 die
1394 612 1453 672 mouwen

1121 647 1142 707 den
1157 644 1179 704 dan
1194 642 1251 702 eegoo
1273 639 1300 699 met
1314 636 1362 696 langen
1377 636 1426 696 temind
1437 637 1448 697 en

1121 666 1195 726 beguyd.

1113 690 1125 750 il
1139 688 1142 748 m
1166 686 1185 746 mij
1193 684 1222 744 ntte
1238 683 1249 743 op
1261 682 1275 742 di
1294 680 1325 740 haet
1339 679 1349 739 in
1357 678 1369 738 de
1384 676 1452 736 daremte

1114 710 1157 770 ten,
1169 708 1210 768 deen
1231 704 1260 764 wl
1277 704 1300 764 aan
1322 704 1378 764 nudens
1390 702 1404 762 op
1416 702 1437 762 het

1114 733 1205 793 naamhour,
1213 726 1265 786 waarvan
1282 726 1294 786 de
1309 726 1351 786 seerpe
1363 726 1401 786 hand
1422 724 1449 784 zich

1115 754 1135 814 roo
1160 750 1212 810 oftelent
1228 749 1239 809 op
1256 748 1272 808 het
1286 746 1354 806 zulpeloog
1371 745 1397 805 aan
1413 742 1433 802 het

1114 774 1158 834 gdait
1176 771 1239 831 hangende
1254 770 1287 830 vlees

1117 796 1144 856 wat
1161 796 1187 856 heeft
1208 793 1226 853 het
1237 792 1264 852 voor
1278 790 1303 850 met
1317 790 1322 850 t
1333 790 1374 850 weven
1388 788 1403 848 ba
1431 790 1450 850 het

1110 818 1149 878 woel
1162 817 1181 877 van
1192 815 1205 875 de
1217 814 1244 874 leid
1280 810 1298 870 hj
1307 810 1340 870 iders
1354 808 1429 868 tounstaal

1111 836 1153 896 laast
1166 834 1193 894 min
1210 833 1258 893 gelaas
1269 830 1288 890 de
1303 830 1323 890 tot
1334 831 1353 891 een
1364 830 1415 890 frons,
1421 832 1435 892 di

791 865 823 925 ielle
836 864 935 924 eengrestsee
949 862 961 922 in
972 862 1025 922 gg
1036 862 1051 922 het
1072 860 1094 920 Het
1106 858 1145 918 glaat
1156 856 1169 916 is
1184 856 1201 916 een
1218 856 1277 916 genrewe
1296 854 1317 914 van
1330 854 1382 914 zijnen,
1389 853 1404 913 de
1424 852 1448 912 zidh

797 888 833 948 wellen
847 886 876 946 naar
923 885 966 945 middel
1011 882 1080 942 Hourontal
1095 882 1107 942 en
1120 879 1175 939 vartaals
1188 878 1221 938 zijnen
1243 878 1263 938 hij
1273 878 1286 938 de
1302 876 1370 936 ooghaelen
1386 876 1437 936 zondom

792 910 802 970 de
809 910 837 970 weur
858 910 897 970 helpen
907 910 914 970 e
935 907 984 967 verel
1005 904 1038 964 zynen
1051 902 1115 962 and
1144 902 1157 962 om
1180 901 1193 961 de
1212 901 1300 961 aanvlouend
1325 896 1418 956 darirontals
1433 898 1457 958 den

795 932 815 992 des
829 930 834 990 6
854 927 950 987 bergemake
988 925 1003 985 de
1017 923 1038 983 mit
1053 922 1064 982 en
1076 922 1103 982 naar
1118 922 1136 982 uit
1153 920 1179 980 also
1193 920 1198 980 e
1217 918 1299 978 misprizend
1311 918 1334 978 hit
1354 918 1373 978 een
1393 917 1466 977 laatdeke

793 952 807 1012 te
826 950 864 1010 geee
885 948 911 1008 loop
930 948 953 1008 van
971 947 983 1007 de
997 945 1027 1005 veus
1046 944 1067 1004 tot
1078 942 1114 1002 onder
1132 941 1146 1001 de
1165 938 1252 998 mondoelen
1261 938 1280 998 tot
1304 937 1327 997 ts
1335 936 1348 996 ie
1361 936 1386 996 net
1405 936 1440 996 vaar

793 976 805 1036 en
825 973 854 1033 hed
868 972 881 1032 ge
903 970 939 1030 wel
954 968 1015 1028 ofening
1032 967 1045 1027 in
1057 966 1085 1026 min
1100 966 1145 1026 get:
1160 961 1180 1021 het
1190 960 1202 1020 is
1219 959 1235 1019 de
1250 958 1297 1018 onderd
1321 958 1359 1018 nand
1376 958 1400 1018 van
1418 958 1430 1018 de

793 998 838 1058 wang,
849 996 861 1056 di
881 994 902 1054 van
915 992 927 1052 de
941 990 1021 1050 ontddering
1033 988 1050 1048 des
1066 988 1153 1048 gelaasepere
1176 983 1231 1043 gebruilt
1250 982 1283 1042 heeft
1295 981 1359 1041 gemaakt
1383 981 1407 1041 zich

797 1020 822 1080 door
838 1018 850 1078 de
874 1015 941 1075 veelvuldig
960 1014 999 1074 doelen
1012 1012 1024 1072 in
1035 1010 1048 1070 de
1058 1010 1125 1070 pugdperen
1143 1008 1218 1068 ofgetobs,
1226 1006 1258 1066 laat
1272 1004 1323 1064 langen
1338 1002 1360 1062 dot
1377 1000 1444 1060 dietbijd

795 1038 845 1098 brenlip
878 1038 884 1098 H
902 1035 942 1095 pocht
956 1034 967 1094 in
987 1032 1015 1092 mijn
1031 1031 1067 1091 jenge
1086 1031 1100 1091 op
1112 1030 1141 1090 min
1161 1030 1197 1090 wang
1212 1028 1231 1088 een
1250 1026 1341 1086 modervliep
1357 1023 1363 1083 &
1377 1022 1431 1082 bentten

792 1062 804 1122 en
814 1060 848 1120 toogt
859 1060 881 1120 van
893 1059 905 1119 de
919 1057 950 1117 punt
961 1056 981 1116 van
1000 1053 1029 1113 mijn
1042 1052 1077 1112 meur
1113 1050 1137 1110 het
1152 1050 1172 1110 dit
1185 1049 1200 1109 en
1214 1048 1253 1108 nog,
1267 1046 1295 1106 dat
1312 1046 1332 1106 een
1347 1042 1392 1102 beetje
1406 1047 1431 1107 dan

793 1086 812 1146 tet
825 1082 869 1142 lange
878 1080 891 1140 in
912 1079 943 1139 gelil
958 1078 981 1138 aan
997 1076 1011 1136 de
1022 1073 1064 1133 plaats
1085 1070 1110 1130 van
1123 1070 1137 1130 de
1154 1068 1213 1128 ovenlip
1233 1066 1245 1126 en
1265 1066 1295 1126 ente
1301 1064 1333 1124 meter
1349 1064 1372 1124 lag
1394 1064 1429 1124 mise

787 1106 813 1166 voor
826 1104 839 1164 de
856 1100 915 1160 hoofdhuis
928 1098 941 1158 is
955 1099 974 1159 het
985 1098 1015 1158 baar
1031 1096 1047 1156 en
1065 1094 1157 1154 noodzakelik
1174 1090 1235 1150 bedelling
1259 1089 1266 1149 o
1281 1087 1308 1147 heft
1319 1086 1338 1146 dit
1352 1086 1366 1146 bi
1378 1086 1398 1146 mij
1410 1086 1432 1146 aen

796 1127 829 1187 voor
844 1125 874 1185 zoon
898 1124 909 1184 le
924 1124 961 1184 nodig
971 1123 996 1183 1s,
1009 1120 1089 1180 laaloosen
1104 1119 1126 1179 dof
1141 1117 1169 1177 digt
1181 1116 1197 1176 het
1207 1116 1247 1176 daar,
1252 1116 1276 1176 van
1281 1116 1292 1176 af
1307 1115 1327 1175 het
1342 1113 1417 1173 voorhoofd
