1500 1202
1165 0 1259 53 weggetreken
1270 0 1283 52 en
1299 0 1334 52 doog
1353 0 1393 50 boven
1411 0 1426 51 de
1439 0 1463 51 net

1159 14 1172 74 in
1188 14 1207 74 en
1222 12 1270 72 hallep
1297 12 1336 72 zamen
1342 12 1391 72 groat,
1399 10 1421 70 als
1442 10 1459 70 een

1159 37 1220 97 aleter
1237 34 1280 94 pring
1293 34 1310 94 tot
1330 33 1407 93 eenlles

1155 60 1183 120 haar
1201 59 1255 119 verkefs
1267 58 1290 118 we
1312 56 1327 116 de
1341 54 1373 114 wits
1392 54 1416 114 arm
1438 55 1462 115 van

1156 82 1171 142 e
1189 82 1295 142 raamkoryn,
1306 78 1329 138 sijn
1344 77 1376 137 nods
1391 76 1442 136 afdrih
1451 76 1472 136 als

1154 105 1178 165 aen
1193 104 1207 164 uw
1229 100 1288 160 entische
1308 98 1336 158 ogn
1354 98 1448 158 vertmend,

1152 126 1165 186 on
1187 126 1205 186 een
1224 124 1301 184 kinderende
1323 121 1397 181 waarende
1413 120 1477 180 haarick

1151 147 1187 207 vast
1197 146 1207 206 te
1220 146 1263 206 ketten
1284 144 1309 204 aen
1323 144 1341 204 een
1356 145 1425 205 panck,

1149 172 1196 232 ktoo
1228 165 1252 225 te
1277 164 1308 224 voor
1324 163 1352 223 dat
1369 162 1401 222 dal
1420 160 1443 220 ve

1156 194 1252 254 bevindend,
1258 190 1291 250 vlak
1311 186 1347 246 galte
1369 186 1390 246 det
1406 186 1424 246 oor

1155 216 1163 276 #
1184 213 1204 273 zal
1213 212 1223 272 ee
1236 212 1264 272 apon
1277 212 1320 272 dragen
1333 211 1358 271 van
1372 210 1390 270 een
1403 210 1459 270 gebland

1149 236 1182 296 drul
1195 235 1241 295 patsoon
1259 235 1292 295 kouls
1307 235 1337 295 men
1353 234 1373 294 die
1388 234 1431 294 koopt
1440 234 1448 294 in

1151 262 1166 322 de
1174 262 1203 322 zonm
1236 258 1249 318 Ee
1264 257 1292 317 purl
1309 256 1354 316 ondat
1367 256 1385 316 e
1408 256 1422 316 en
1433 257 1446 317 en

1147 286 1193 346 dagn
1207 285 1244 345 maet
1258 282 1273 342 en
1287 281 1336 341 lachtg
1351 280 1394 340 boven
1400 282 1425 342 dien

1152 308 1165 368 te
1180 307 1218 367 borte
1229 306 1291 366 mouwen
1306 304 1395 364 onepannen
1410 304 1423 364 de

1148 332 1188 392 toven
1195 332 1242 392 arm,
1260 329 1279 389 een
1291 328 1307 388 V.
1313 328 1359 388 helsje
1378 326 1440 386 vertoont

1166 356 1187 416 een
1202 354 1245 414 vurg
1260 352 1338 412 verbande
1350 348 1416 408 hal
1434 353 1448 413 op

825 380 849 440 des
860 379 894 439 vlees
909 378 933 438 van
946 378 961 438 de
974 376 1022 436 baet,
1031 376 1128 436 waarmeen
1141 379 1177 439 door
1194 376 1210 436 de
1225 374 1292 434 schollen
1306 375 1332 435 van
1347 374 1363 434 de
1374 374 1412 434 tran
1436 376 1462 436 nog

824 404 860 464 gilt
874 402 899 462 aan
905 401 918 461 de
939 398 1017 458 zichtlaar
1030 398 1080 458 worden
1103 396 1122 456 een
1140 396 1228 456 centuurse
1243 396 1284 456 nust
1304 394 1333 454 wat
1348 394 1380 454 wijd
1394 398 1452 458 geworden

826 432 837 492 op
852 429 863 489 de
875 426 918 486 bach,
929 423 954 483 men
973 420 1065 480 accentueert
1084 419 1115 479 door
1128 418 1170 478 senrg
1181 420 1237 480 snoeren
1252 418 1268 478 de
1285 418 1367 478 slanklid
1388 420 1413 480 van
1430 422 1446 482 een

828 451 884 511 middel
899 447 927 507 niet
938 446 967 506 man
986 445 1009 505 als
1024 444 1052 504 men
1071 442 1094 502 vijf
1102 442 1114 502 en
1126 442 1175 502 veertig
1187 442 1200 502 s

829 473 866 533 Hoen
882 470 923 530 damn
936 468 1013 528 wijsbeens
1031 466 1069 526 mijn
1090 464 1120 524 beid
1138 462 1179 522 benen
1193 461 1209 521 op
1221 460 1238 520 de
1250 460 1311 520 gond,
1326 458 1346 518 de
1362 458 1388 518 ter
1406 456 1436 516 met

822 493 896 553 bloemhool
908 492 918 552 in
934 490 949 550 de
960 487 995 547 hoete
1009 486 1031 546 van
1049 486 1065 546 de
1080 484 1141 544 clloot.
1165 484 1267 544 Hauwadirg
1283 482 1317 542 ruet
1330 481 1363 541 mijn
1385 478 1427 538 hand

820 516 854 576 aop
908 511 995 571 Houwring
1012 510 1035 570 sal
1044 508 1078 568 stert
1092 507 1107 567 in
1122 505 1139 565 de
1149 504 1188 564 zon

822 539 930 599 aarsoluk
946 536 968 596 it
987 534 1008 594 een
1030 532 1082 592 andere
1098 529 1143 589 dans
1162 526 1219 586 naart
1236 526 1265 586 mij
1279 524 1293 584 op
1307 524 1323 584 de
1339 522 1381 582 bant
1415 523 1438 583 Een

827 564 863 624 dans
876 564 899 624 van
912 563 950 623 zestig
962 562 993 622 jaar
1005 559 1079 619 missaien
1102 554 1119 614 zij
1131 552 1187 612 draagt
1204 552 1222 612 een
1234 550 1265 610 puel
1281 549 1304 609 van
1321 546 1394 606 hetzelfde
1406 548 1457 608 patroon

821 590 833 650 en
842 590 860 650 een
876 590 930 650 andere
948 586 1052 646 kleurendriek
1081 581 1121 641 haar
1140 578 1194 638 kouden
1212 576 1239 636 zijn
1253 576 1289 636 grijs
1302 573 1315 633 en
1333 573 1375 633 daar
1388 574 1456 634 schoenen

826 615 869 675 wart
884 614 916 674 met
927 612 943 672 een
962 611 1028 671 elastulp
1048 610 1055 670 o
1087 608 1102 668 de
1112 606 1153 666 weef
1184 602 1203 662 zij
1213 601 1275 661 drragt
1297 598 1320 658 een
1337 598 1390 658 hoedt
1419 601 1443 661 van

826 639 867 699 swart
884 638 916 698 sloo
938 635 961 695 over
977 634 990 694 de
1008 632 1097 692 platgeduwd
1123 628 1166 688 haren
1194 625 1209 685 Er
1222 622 1271 682 parelt
1292 622 1340 682 tweet
1355 622 1380 682 van
1397 624 1439 684 onder

821 664 848 724 het
854 662 905 722 handje
918 659 939 719 uit
955 658 971 718 en
992 656 1012 716 zij
1025 654 1069 714 laakt
1084 652 1146 712 diezover
1160 652 1180 712 een
1198 647 1236 707 beetp
1274 646 1357 706 Beruitend
1373 646 1389 706 en
1408 648 1454 708 celaten

815 690 830 750 te
844 688 870 748 han
890 685 921 745 lock
962 681 969 741 t
982 680 995 740 Is
1004 678 1031 738 wam
1056 679 1082 739 van
1089 678 1123 738 daag
1147 674 1181 734 regt
1198 673 1215 733 zij
1228 671 1253 731 tot
1265 669 1287 729 my
1317 668 1331 728 t
1358 666 1389 726 hik
1408 668 1448 728 daar

815 714 864 774 emdg
878 712 904 772 aan
925 710 939 770 en
949 708 979 768 weer
991 707 1018 767 voor
1031 706 1053 766 mij
1061 705 1080 765 uit
1097 704 1112 764 de
1130 702 1170 762 soten
1191 699 1239 759 lange
1295 694 1377 754 antwoed

817 738 832 798 p
856 736 917 796 benauwd
961 732 989 792 met
1008 732 1033 792 iets
1048 730 1103 790 goodige
1117 730 1130 790 in
1144 728 1176 788 mijn
1191 727 1217 787 sten

1001 858 1089 918 zonder
1109 858 1128 918 de

816 892 864 952 hener
880 890 899 950 die
919 888 1023 948 onontbeerlijk
1036 886 1062 946 15,
1071 885 1116 945 zonder

820 916 915 976 overtuijting.

815 944 831 1004 be
841 943 850 1003 a
886 941 909 1001 van
924 940 943 1000 de
960 940 996 1000 oude
1009 937 1045 997 dane
1062 936 1109 996 glijden
1122 939 1148 999 over

811 969 842 1029 het
855 966 901 1026 land,
911 964 948 1024 zals
961 962 975 1022 de
987 961 1030 1021 mijne
1045 960 1074 1020 dat
1086 962 1124 1022 doen,

807 994 819 1054 in
832 994 851 1054 een
867 991 898 1051 dap
914 990 941 1050 aan
955 990 972 1050 de
986 986 1052 1046 kerizon
1069 986 1150 1046 ontmoeken

812 1022 828 1082 de
841 1017 885 1077 malen
896 1016 919 1076 van
934 1016 973 1076 onze
984 1014 1021 1074 ogen
1040 1012 1114 1072 elkander

814 1046 847 1106 bis
858 1044 881 1104 van
892 1042 927 1102 wden
942 1041 974 1101 voor
991 1040 1009 1100 een
1024 1038 1101 1098 vervolgend
1117 1038 1162 1098 gesprel

813 1070 879 1130 gluklig
891 1068 931 1128 maan
948 1067 972 1127 hos
984 1064 1016 1124 baar
1031 1062 1058 1122 ten
1073 1061 1095 1121 het
1105 1058 1130 1118 hm
1141 1059 1156 1119 den

809 1094 826 1154 Ik
837 1092 877 1152 droog
889 1092 922 1152 min
939 1090 957 1150 en
973 1090 987 1150 en
1007 1089 1040 1149 doop
1052 1087 1074 1147 hem
1092 1084 1106 1144 in
1117 1085 1165 1145 moiuw
1182 1084 1213 1144 mit
1241 1081 1249 1141 t
1274 1084 1316 1144 schif
1328 1084 1331 1144 m

1350 1069 1410 1129 verkal

1187 1106 1247 1166 dil
1269 1107 1294 1167 amn
1315 1102 1346 1162 deze
1368 1100 1401 1160 tan

845 1132 873 1192 vyf
881 1133 893 1193 en
905 1132 947 1192 veertig
967 1132 995 1192 jaar
1005 1132 1032 1192 teen
1042 1131 1103 1191 opgede
1111 1130 1113 1190 g

841 1117 871 1177 de
880 1113 990 1173 Portziallgtert
1006 1111 1034 1171 van
1043 1110 1057 1170 de
1066 1110 1104 1170 Jurg8

1134 1130 1153 1190 soo
1165 1130 1197 1190 haar
1205 1130 1208 1190 w
1238 1127 1257 1187 dit
1272 1123 1286 1183 een
1300 1130 1378 1190 beshaffing
1395 1128 1424 1188 zijn
