1500 1201
788 0 1383 51 De dood van den ander is de enige oplossing voor een grote liefde.
936 29 1391 83 (aforisme van de schrijfster, gebaseerd op levenservaring)
796 75 1096 131 Overpeinzingen in het Vondelpark.
1309 65 1407 119 30 oct 1944
806 99 1469 169 Tot de mensen die mijn bank, waarop ik bovenop de leuning een machteloze
808 127 1463 193 strijd voer op het papier, voorbijlopen achter een kinderwagen, paar na paar,
810 151 1463 221 de verkleumde gedaante slechts een verwonderde blik waardig achtend, zou ik
803 210 1127 240 willen behoren! Maar de goede God heeft mij hier op een bank neergezet
809 221 1421 266 en doet mij de Natuur vol weemoed verbittering aanschouwen, waar hij
810 219 1465 289 slechts vreugde en liefde verdient! Ach ja, die liefde, daar ontbreekt het niet aan;
802 245 1447 315 ik vraag mij af, of men niet gelukkiger zou zijn met een beetje minder ervan en
804 273 1447 339 hoe buitensporig gelukkig die lieden wel wezen moeten die deze gevoelens
812 299 1325 367 geheel kunnen schenken aan wezens van vlees en bloed!
806 323 1439 391 Ik zit op mijn bank en kijk naar de kleuren om mij heen met een
808 349 1441 419 wanhopig begeren dit nooit meer te vergeten, geheel in de ban van die
804 377 1457 447 wonderlijke schoonheid, zoals een ander de ogen van zijn geliefde niet
804 401 1433 469 afhouden kan. Er is zo'n groot verschil tussen mij en de mensen
804 425 1471 491 die langs deze plaats elkaar op mijn uitzicht wijzen, mijn voorkeur
800 449 1461 519 wel begrijpend, doch niet de stijve vingers en de paarse neus, die
804 473 1459 543 mij mijn liefdesverklaring aan de Natuur gaat kosten. Wat lopen zij
796 528 1325 562 nu weer tevreden met het bewonderd uitzicht voort, niet wetend dat
793 541 1450 594 zij het hebben laten liggen en nooit gemarteld met het gemis de wroeging omdat
796 545 1459 623 het straks weer vergeten is. Reeds staat de helft van mijn tekening
1124 571 1439 637 op het papier, als de aanhef van
1124 597 1457 659 een brief die nooit gelezen wordt.
1130 623 1467 687 Ik verlang als een kind dat straf
1130 651 1443 709 werk dat maakt op 't verlossend
1130 677 1443 737 teken van den onderwijzer. Kwam
1128 703 1451 761 er toch maar een regenbui, die
1130 733 1447 787 mij de andere mensen achterna
1138 759 1453 813 kon doen snellen met dezelfde
1136 783 1451 835 verlangens bezield op dezelfde
1152 803 1451 859 wijze van de Zondagochtend
1166 829 1443 881 wandeling genietend, mijn
1176 855 1435 909 gedachten geheel in beslag
1174 885 1461 939 genomen door de coupe van
1156 911 1467 963 mijn nieuwe mantelpak, loom-
1146 937 1457 989 behagelijk hangend aan de arm
1124 959 1459 1017 van mijn verloofde, mij zonder
1108 983 1463 1039 enige lust om iets te doen,verheugend
1114 1009 1443 1065 op de met hem te doorbrengen,
1116 1033 1455 1087 wachtende Zondagmiddagrust.
1124 1057 1433 1111 Ik stel mij voor, hoe ik zonder
1126 1079 1433 1135 enige lust om zijn gezicht na te zoeken
1124 1131 1396 1150 naar hem luisteren zal, zonder dat
1126 1149 1377 1170 ik mij bedenken moet, dat het
