1500 1193
792 -1 1437 36 onbelangrijk is, wat hij me daar allemaal vertelt en dat ik zoveel had kunnen doen, als hij er maar niet was geweest.
791 10 1474 51 Ik stel mij voor, dat het knagend ongeduld, dat die ontspannende ogenblikken die het leven ons biedt, met meer @@@ zal mij geheel vreemd geworden zal zijn.
790 29 1461 65 En hoe dan mijn geliefde mijn leven en mijn gedachten vullen zal, zonder dat er dat er tijdens zijn omhelzing mij toch zo'n
792 44 1461 81 wonderlijke gedachte te binnen schiet, die ik het liefst even opschrijven zou, indien ik hem slechts een ogenblik kon verlaten,
794 55 1444 96 zonder hem al te zeer te kwetsen. Neen, wat mij te binnen schiet, zou ik hem dan vertellen, omdat ik hem álles
791 70 1446 113 vertellen wil, omdat hij mijn gedachten geheel zal moeten bezitten, zelfs zonder dat hij daar prijs op stellen zou en
794 87 1441 130 ik niet meer voortdurend zal zwijgen, wat de mensen gewoonlijk zo vreselijk schijnt te irriteren. Ik zal het
798 98 1445 142 geheel opnieuw proberen, zoals ik het reeds zo vaak heb gedaan met zovele verloofdes die de een na den ander mij
794 110 1451 156 hebben verweten, hoe ik ten opzichte van hen tekort geschoten ben. Ik moet weten, dat het nu voorbij moet zijn al
792 125 1436 172 die vreselijke jaren, waarin ik een duurzame mensenliefde heb versmaad voor het grote risico wat ik nu lopen ga,
800 145 1196 183 voor het ogenblik waarop mijn liefde voor het werk beantwoord wordt.
796 146 1441 200 Ik kijk naar de lucht of het soms al regenen gaat en bijna gelaten merk ik op, dat het er naar uit
798 166 1457 217 begint te zien, dat ik nog uren ongestoord aan het werk kan zijn en dat een bijna opgewonden gevoel zich van mij
795 203 877 236 meester maakt.
984 235 1011 295 Min
1026 234 1087 294 eerhofde
1104 232 1135 292 kons
1151 231 1161 291 op
1172 230 1210 290 weste

786 264 1195 298 Zoals u weet zijn mijn broer en ik de meest gewillige goedige kinderen van de wereld, geheel
785 278 1181 312 tevreden met alles wat men ons voorzet en het oor niet lenend aan alles wat
780 308 957 327 men ons in zijn redeloze drift verwijt,
781 318 1126 355 zolang men ons maar onze gang laat gaan aan onze liefhebberijen.
967 305 1193 323 Onbegrijpelijkerwijs zijn wij beiden voortgebracht
781 304 1185 341 door een moeder, van aard zo geheel het tegenovergestelde van ons, dat
785 333 1203 369 op ogenblikken van inkeer in ons leven wij ons zouden verbazen over de ondanks
782 343 1188 385 alles zo goede verstandhouding tussen ons drieën, waren wij niet zozeer ons zelf
787 361 1194 398 bewust van de gelijkmoedigheid in onze karakters, een gelijkmoedigheid die bergen
785 373 1190 410 verzet. Het is geheel te begrijpen als een ijverige tekenares, geïrriteerd door het voortdurend
788 385 1194 423 verplaatsen van lichteffecten op haar object ten gevolge van een bij de kachel naast
785 397 1198 437 haar rondscharrelende moeder, tot het uiterste getergd zichzelf in razernij een ogenblik
783 411 1472 451 vergeet; een moeder meer ruim van geest als de mijne, behoorde dit te begrijpen en zich niet geheel van gegronde redenen ontbloot
785 424 1441 465 te wreken op mijn onder de goddelijke vonk voortdurend gebukte rug, in zinnen zoals: ‘Kun je nu nooit eens iets anders dan
783 438 1423 481 dat eeuwige geteken? Ik word er dood-zenuwachtig van!’ Zinnen, die mijn rug niet vermogen te rechten, doch die de
786 449 1448 496 goddelijke vonk in allerijl tot den hemel terug doen vlieden. Zo vergevensgezind wij echter tegenover de moeder aan
790 455 1455 511 wie wij ons bestaan te danken hebben, plegen te staan, zo onvermurwbaar hardvochtig staan tekenaressen zoals ik hunne soms zo
788 473 1452 525 hinderlijk liefhebbende verloofdes te woord. Geen mens ter wereld, die zo reddeloos overgegeven, zo genadeloos ten prooi overgeleverd, is aan
787 487 1439 537 de luimen en kuren, aan de scherpzinnige, álles opmerkende critiek, als de verloofde van een tekenares. Men moge
789 505 1459 552 slechts een ogenblik verwijlen in de gecompliceerde diepten van een tekenaressenziel om te begrijpen hoeveel sterker dan bij enig ander
786 529 1438 566 een voor haarzelf ten opzichte van de werving eener liefde funeste opmerkingsgave aanwezig is. Hoe menigeen gewogen en
791 542 1447 580 te licht bevonden is. En hoe de jonge man die zijn leven aan het hare te verbinden hoopt, terdege om- en omgewenteld
787 555 1473 594 wordt onder haar onderzoekend oog, (geheel in tegenstelling met de moeder aan welks bezit toch niets meer te veranderen
795 573 1452 606 valt en waar men dan het beste maar van ziet en voor het overige stijf de ogen sluit), opdat men dan te elfder
803 590 1240 616 ure niet mede aan zichzelf ten gevolge van de slechte keus de grootste hekel krijgt.
803 606 1432 634 Het is van oudsher de gewoonte dat verloofdes met een zeker recht van spreken (en hoe
801 622 1474 658 maken zij van dit privilege gebruik) zich te allen tijde toegang verschaffen tot der tekenaressen
889 620 901 680 het
917 618 927 678 ie
937 617 947 677 de
962 616 1007 676 gure
1023 615 1034 675 in
1048 612 1110 672 gesannen
1124 612 1204 672 verwaelting
1219 614 1255 674 worde
1270 614 1324 674 verleid,
1336 615 1351 675 op
1364 614 1384 674 den
1395 616 1409 676 du

786 645 815 705 gals
830 644 850 704 des
864 639 906 699 debet
920 638 938 698 een
958 634 1018 694 onrustig
1031 632 1063 692 good
1091 632 1109 692 om
1123 630 1146 690 nit
1153 631 1161 691 te
1172 632 1211 692 zeggen
1227 632 1245 692 een
1257 632 1314 692 wreulg
1329 634 1369 694 geoel
1389 633 1396 693 H

860 662 892 722 dat
909 656 924 716 bij
939 655 1008 715 gagdsch
1023 654 1093 714 verloofden
1113 652 1126 712 de
1143 650 1170 710 dele
1182 650 1212 710 tever
1219 649 1260 709 luyct
1276 649 1340 709 volkemen
1350 651 1362 711 in
1371 650 1393 710 het
1406 650 1432 710 niet

861 675 938 735 tervende
955 674 961 734 e
981 672 1003 732 zon
1013 671 1031 731 mi
1042 670 1047 730 t
1060 665 1108 725 binnen
1124 666 1194 726 voordellen
1209 666 1233 726 sal
1244 666 1259 726 de
1277 666 1382 726 geandeie,
1390 668 1435 728 tolang

851 697 893 757 verels
908 694 921 754 de
933 692 976 752 natuur
994 690 1025 750 daar
1038 689 1083 749 reerten
1096 686 1123 746 dat
1138 686 1193 746 gelden,
1206 685 1231 745 voo
1249 682 1280 742 mijn
1294 686 1362 746 verloofde
1374 688 1388 748 ge
1402 692 1406 752 g

871 714 906 774 mens
933 713 949 773 na
963 710 986 770 veel
995 710 1092 770 geshruisvogel
1104 707 1125 767 het
1136 706 1147 766 is
1159 705 1182 765 dit
1198 704 1270 764 berastend
1287 704 1320 764 vaet
1326 704 1386 764 gesteld.

788 740 821 800 heeft
837 738 858 798 mij
869 737 895 797 voor
908 735 928 795 het
941 734 984 794 rusten
996 732 1019 792 van
1033 732 1065 792 mijn
1078 730 1094 790 en
1108 729 1137 789 nit
1150 728 1179 788 veel
1193 728 1272 788 bijzonders
1291 728 1320 788 aan
1333 727 1339 787 t
1360 726 1417 786 bilden.

793 761 818 821 heet
828 759 838 819 is
849 758 874 818 geen
888 756 939 816 wonder
954 756 980 816 dat
991 754 1001 814 is
1015 752 1036 812 den
1058 750 1133 810 bedrleg,
1144 750 1178 810 door
1194 750 1213 810 bij
1226 748 1250 808 het
1263 746 1319 806 naderen
1333 748 1362 808 van
1375 748 1400 808 zijn
1414 748 1447 808 kand

787 784 810 844 mij
823 778 913 838 behoedzaam
930 777 956 837 met
967 774 997 834 mijn
1011 774 1055 834 baelen
1074 774 1088 834 op
1103 772 1113 832 te
1126 772 1171 832 cluiten
1211 769 1242 829 voor
1259 768 1287 828 heel
1302 768 1317 828 de
1336 767 1446 827 weneldgsclik

789 802 821 862 leen
841 800 897 860 hallen
913 797 973 857 vrouwen
987 795 1018 855 met
1029 794 1056 854 dun
1076 794 1145 854 verloofde
1166 792 1202 852 niet
1218 790 1250 850 veel
1267 790 1317 850 gads
1332 790 1346 850 in
1358 790 1375 850 de
1386 792 1406 852 zin

794 822 805 882 in
817 822 832 882 de
843 820 877 880 zegel
895 817 937 877 hebben
951 815 967 875 zij
977 814 993 874 bij
1005 814 1026 874 het
1036 812 1099 872 naderend
1115 812 1181 872 bedrog,
1195 810 1223 870 zich
1240 810 1265 870 van
1288 810 1315 870 den
1335 809 1374 869 lefet
1389 808 1411 868 zijd

791 845 826 905 laten
839 840 888 900 binnen
913 839 942 899 gan
956 836 1019 896 telenares
1032 834 1048 894 ter
1060 834 1104 894 werdd
1127 832 1198 892 gedraagt
1212 830 1240 890 ziet
1252 830 1287 890 tyden
1316 830 1339 890 een
1357 830 1431 890 onvertest

941 858 986 918 vieste
1000 858 1020 918 van
1036 857 1070 917 daar
1083 854 1163 914 verloofde,
1173 852 1249 912 lieftallign
1262 852 1286 912 dan
1299 853 1308 913 is

941 879 974 939 wen
982 878 1007 938 neer
1020 876 1052 936 haar
1065 876 1083 936 pen
1095 875 1130 935 naar
1144 872 1197 932 blenen
1211 872 1250 932 staat

955 900 985 960 sat
995 898 1006 958 15
1019 896 1040 956 een
1053 894 1163 954 quruststellens
1174 894 1214 954 ide,
1227 892 1254 952 dat
1267 890 1301 950 aelte

955 920 985 980 mijn
998 917 1059 977 gehogen
1074 916 1102 976 ng
1124 914 1145 974 een
1162 914 1222 974 baeden
1237 914 1306 974 verloofde

964 939 1017 999 staat,
1027 936 1049 996 uit
1063 934 1106 994 wiens
1118 932 1165 992 mond
1190 930 1235 990 lange
1250 930 1281 990 myn

966 957 1034 1017 gesloten
1053 954 1100 1014 cren,
1106 953 1137 1013 nog
1150 952 1182 1012 geen
1198 949 1268 1009 verwijten
1274 949 1285 1009 de

970 977 1001 1037 nog
1014 974 1068 1034 sterde
1086 972 1177 1032 verteedende
1189 970 1260 1030 woorden
1272 970 1313 1030 glijten

975 1000 991 1060 de
1009 996 1059 1056 konts,
1067 995 1090 1055 die
1104 994 1139 1054 mijn
1150 994 1172 1054 pen
1188 993 1221 1053 niet
1236 992 1245 1052 te
1260 992 1311 1052 stuittn

973 1014 1047 1074 vermag,
1064 1014 1098 1074 laet
1110 1014 1137 1074 geen
1150 1014 1200 1074 plaets
1217 1014 1251 1074 voor
1264 1014 1293 1074 min

978 1036 1067 1096 schaarse,
1078 1035 1116 1095 doeh
1131 1034 1147 1094 zo
1167 1036 1200 1096 voor
1217 1036 1223 1096 d
1247 1036 1288 1096 land

981 1059 1063 1119 eggende
1081 1054 1116 1114 zelf
1121 1054 1208 1114 verwijten,
1218 1056 1239 1116 na
1261 1058 1288 1118 enig

983 1082 1046 1142 mnuten
1064 1081 1096 1141 neem
1114 1078 1128 1138 is
1143 1078 1171 1138 met
1187 1078 1224 1138 enige
1233 1078 1270 1138 veml
1283 1079 1312 1139 vaar

980 1104 1004 1164 hoe
1023 1101 1035 1161 de
1047 1100 1093 1160 werme
1111 1099 1175 1159 mannen
1185 1098 1207 1158 stem
1230 1100 1253 1160 van
1270 1101 1310 1161 timbe

964 1121 999 1181 gaat
1010 1118 1089 1178 veranderen
1106 1116 1122 1176 en
1139 1118 1174 1178 keele
1190 1118 1249 1178 woorden
1265 1119 1291 1179 uit
