1500 1198
40 0 716 53 Inwendig zuchtend voel ik de tijd gekomen, tot het tijdelijk neerleggen van de teekenpen.
42 18 575 77 Ik meng nog haastig de straks aan te brengen kleur en maak mij
567 35 664 53 ten tweede male
575 18 714 75 met een glimlach
40 41 282 99 gereed tot het effenen der paden.
40 59 694 119 Langs zijn mooie glanzende haren kijk ik met keurende, half-dichtgeknepen ogen
42 81 682 143 naar mijn nog zo gebrekkige tekening en plotseling ontdek ik daar iets, ontdek
40 101 662 163 ik een vreselijk groote fout die onvermijdelijk om verbetering vraagt. Ik voer
36 117 682 183 met mijn hand, die op de kostbare stof van verloofdes beklede rug rust,
36 139 686 203 alreeds in gedachten de vereiste bewegingen uit. Het lijkt mij onmogelijk met de verandering
38 161 684 225 der kleuren slechts maar één ogenblik te wachten. Ik weet dat bij de onstabiliteit der
46 183 666 247 zonnestand en de wisselvalligheid van het klimaat, dat iedere dag van kleur
44 203 684 269 veranderen doet, mijn penseel geen uitstel verdraagt. En ik weet met schrikbarende
42 225 646 291 helderheid (zoals men die vaak bij een lichte dronkenschap ervaart), dat mijn
46 245 686 311 ontembare ijver niet van verzet is ontbloot en dat mijn onafhankelijke tekenaressengeest
40 294 545 320 zich tegen zekere minnaarsrechten teweer gaat stellen. Ach ja, ik weet welhaast
44 319 608 340 zeker, dat bij onveranderlijke zonnestand en andere aanleidingen tot welverdiende  tekenaars- rust,
46 303 688 367 mijn pen eveneens onbedwingbaar tot werken zou staan en niet alléén mijn kunste-
50 325 360 389 naarsschap daarvan de oorzaak zou zijn.
48 343 636 405 Er was een tijd dat ik, om niet ten onder te gaan, de charmes van mijn verloofde met
48 360 635 425 handen en voeten moest treden, zoals een nerveus doch vastberaden, zoals een
48 377 676 445 paard een hindernis neemt. Daar is nu niet veel meer van over. Ik speur en doe
48 395 640 465 oprecht mijn best van dat vergankelijke mysterie een spoor terug te vinden, terwijl
48 415 700 489 ik àl vleiend mijn avond voor tekenen te vrijwaren hoop. Maar geen der mysteries
50 435 690 511 klopt bij mij aan, en toch moeten er zijn, dat weet ik heel zeker. Het is als met een
50 459 664 531 kostbaar parfum, men zou zich er geruimen tijd niet van moeten bedienen, om
52 483 534 553 op de bijzondere geur weer opmerkzaam te worden gemaakt.
48 505 690 577 Mijn verloofde is voor mijn listen weer spoedig gewonnen. Het hindert mij eerder,
48 525 686 599 dan dat het mij berouwt, dat aan het eind van de avond in zijn ogen te lezen
48 553 646 623 valt, hoe zeer ik hem heb te kort gedaan. Men zou verwachten, dat mijn
52 577 692 647 afscheidskus, door berouw gedreven, wel zeer spontaan moest zijn! Dat is hij echter
52 603 708 673 niet. En ik schud verbaasd mijn hoofd, omdat men van verloofdes zoiets bijzonders
52 625 666 697 verwacht. Als wist ik niet reeds lang, dat zonder een pen in de hand, in
52 647 532 719 de liefde, voor mij het geluk niet ligt op deze aarde.
56 751 382 819 Uit: "Het boek der liefde." October 1944
805 1107 968 1141 Ma fenêtre est ouverte
818 1136 945 1152 Rozenstraat Juli 44
