1500 1183
974 1 1099 31 Lastige buren
778 207 993 237 8 uur 's avonds. Heel erg op ons gemak voelen
781 217 988 249 we ons niet. Wij heffen de hoofden. Klinkt
783 229 926 259 daarboven geen gestommel?
1048 152 1062 181 2
1063 157 1229 189 Jawel, daar komen de buren door
1048 167 1226 201 de branddeur over de zolder zoals ze dat
1063 181 1170 214 elke avond plegen te doen.
1445 160 1458 188 3
1245 177 1461 207 En dan is voor ons de rust  spoedig geweken...
799 387 814 415 4
772 401 1025 434 Ten behoeve van die rust plaatse men overdag een
782 412 974 447 niet te zware kist voor de branddeur.
1039 367 1061 397 5
1053 377 1247 408 En zette men op de uiterste rand naar
1053 391 1247 423 de branddeur toe een flesch gevuld met
1057 404 1093 432 water
1254 329 1273 365 6
1266 347 1446 377 Zoals gewoonlijk staan de buren
1262 360 1454 390 aan de deur. Er schijnt iets opzij
1266 370 1444 401 geschoven te moeten worden...
793 563 809 592 7
784 571 956 603 Met een daverende klap in de stilte
797 582 968 613 rolt de fles van de kist. Als hij
795 594 974 624 niet breekt, is alsnog vloeistofgeruis te
934 606 981 635 vernemen.
1007 548 1032 583 8
1166 532 1179 561 9
1172 548 1370 579 "Laten wij maar weer weggaan!"
800 789 815 817 10
777 798 1009 830 Een week later, tijdens het eerstvolgende bezoek:
795 812 1020 842 Wij: "En het is zo merkwaardig mevrouw! Wij hebben
801 826 1015 855 vast muizen op zolder! Laatst hadden wij een
864 835 987 866 fles slaolie staan.....
1106 726 1123 755 11
1139 750 1309 781 Twee minuten later...
963 1051 1198 1088 Nu komen zij zeker nooit meer terug!
1277 1109 1356 1141 October 1944
