1500 1179
1014 568 1129 626 Ik ga op visite
793 794 1119 820 Van te voren poeder ik mij zorgvuldig, als ik extra mooi wil zijn krul ik mijn haren.
1125 788 1273 814 Uren lang sta ik voor de spiegel te
1119 796 1275 823 draaien in mijn nieuwe vleermuisbloes.
1301 797 1407 814 Vol zoete verwachtingen
1303 806 1391 824 trippel ik naar het
1313 816 1387 832 verjaardagsfeest.
890 1095 1236 1139 En hoe ik mij op zo'n middag meestal gedraag ...
