1500 1178
992 0 1160 37 U bent onfeilbaar
792 15 1418 69 Hoevaak is het u niet overkomen, dat juist toen gij u zelf een boeiend verteller wist, u uw
792 33 1458 93 toehoorders afwezige blik door het luchtruim zag zweven? Gij zijt in staat dit beschamend
796 55 1434 113 verschijnsel uzelf als een tekortkoming aan te rekenen, evenwel het tegendeel is waar;
796 79 1452 139 gij hebt slechts een mens ontmoet, wiens creatieve geest uw bezielende woorden behoefde
796 99 1428 159 om tot volle ontplooing te geraken, en die op dit moment van voorbereiding
798 121 1358 181 tot zijn groot geestelijk offensief een ogenblik van de kook geraakte.
1008 167 1130 229 Oorlogswinter 1944
890 493 1154 555 Mijn éne buurman haalt groente
960 839 1190 893 Mijn andere buurman haalt groente
788 967 974 1025 Nee, dit lijkt niet op meneer v B
953 976 1036 1007 Dit is ook véél
954 989 1036 1019 te intelligent om op
955 998 1037 1029 meneer van B te lijken
1066 955 1162 1009 Dit wordt tenminste
1022 973 1162 1027 al een beetje dommer
1200 943 1258 997 Nee, te jóng
1270 956 1313 986 Een béétje
1285 971 1312 1000 beter
1327 959 1366 989 Néé...
1382 946 1457 977 Ach nee, u kunt
1380 958 1460 990 zelf naar aanlei-
1379 968 1456 999 ding van volgend
1378 980 1454 1011 gesprek, meneer
1380 990 1456 1020 van B's portret
1376 1003 1457 1033 het beste bepalen!
788 1001 1180 1067 Ene buurman: "Na de oorlog eet ik vast en zeker geen biet meer."
788 1021 1188 1085 Andere buurman: "En ik eet nooit meer een boterham met stroop."
788 1043 1230 1105 Meneer van b: "En je ken geeneerns geen stroop krijgen ook!"
