1500 1177
960 0 1044 49 Nomade
784 27 1425 87 Uit het dagboek van één der velen, die omstreeks Kerstmis 1944 de uitgehongerde steden
788 53 1094 111 verlieten om heinde en verre eten te zoeken
1042 99 1104 153 Op weg.
792 99 898 151 21 December 1944
796 121 1433 181 Van Amsterdam tot Laren heb ik maar één angst gehad. Dat mijn fietsband nogmaals zou
798 143 1425 205 springen. Het heeft mij het plezier in de tocht vergald. En het was toch zo'n aardige tocht!
802 169 1425 227 Dat besef ik nu, nu ik aan de oever van de geïnundeerde Nijkerkerpolder sta. Midden door
800 193 1437 249 het uitgestrekte watervlak trekt een eindeloze karavaan; een brede stroom van mensenmassa's
802 213 1431 269 trekt voor zover het oog kan zien het water door, als Mozes met zijn Israëlieten het
800 231 1395 291 destijds door de Rode Zee heeft gedaan. Het 8 k.m. lange overstroomde klinkerpad
800 255 1409 315 lokt maar node tot een overtocht. Ik haal eens flink adem en werp mij van wal.
794 489 1413 549 Mijn leedvermaak bij 't aanschouwen der in de tegenwind gekromde voorbijgangers wordt nauwelijks
798 513 1407 569 getemperd door de gedachte aan hetgeen mij over enkele dagen eveneens te wachten staat.
796 535 1411 591 Natuurlijk blijft de wrake des hemels na deze gevoelens niet uit. Hoe is een mens bij het naderen
796 555 1421 613 van de dood zich van zijn tekortkomingen bewust! Ik sta daar temidden van het gefluit van de
792 575 1437 637 mitrailleurkogels der steeds maar duikende en weer optrekkende vliegmachines en de lasten van mijn
796 597 1435 657 zondig leven drukken zo zwaar op mijn schouders! Ik had het alles zo graag nog eens overgedaan.
798 619 1427 677 Ik neem mij voor, slechts voor anderen te leven, zo mij het leven gelàten wordt. Geheel van edele
796 641 1431 699 gevoelens doordrenkt kom ik behouden in Nijkerk aan, één minuut nadat de hoofdstraat
800 661 1407 723 gedeeltelijk door bommen is verwoest. Het maakt op mij de indruk alsof mij plotseling
796 687 1449 747 een propagandafilm wordt vertoond: ‘Bruut geweld vernielt onze vredige steden’ of zoiets en
794 707 1421 769 het laat mij als immer vrijwel onberoerd. Hadden dergelijke films mij niet jaren lang voor
794 731 1411 793 de verveelde ogen gedraaid, ik zou bij het aanschouwen der in de tuin van het ontwrichte
788 755 1387 819 Burgerweeshuis gillende oude mannetjes beslist de vuisten te hemel hebben gebald.
792 777 1429 841 Ik zie hoe in alle huizen, waartussen ik behoedzaam mijn fiets door de scherven leid, de meubels
778 797 1435 861 over elkander liggen gesmakt. Sommige mensen zitten met hun bips op de vensterbank, zoals
776 845 1306 866 een vrouw de ramen lapt en nemen met een duimstok de maten vast op.
