1500 1181
780 0 1451 39 "Ze mochten eerst wel eens beginnen met vegen," denk ik verstoord, als een loeiende brandweerwagen
776 0 1090 55 mij tot een sprong in een hoop scherven noopt.
776 19 1435 79 Het dorp lijkt mij tot een lunch niet bijzonder geschikt. Ik zou in geen enkel koffiehuis behoorlijk
772 43 1449 99 worden bediend, want alle mensen staan in kluitjes op de straten. Zij zijn door die paar bommen
782 61 1443 123 geheel uit hun doen. Ik zou in slagers en bakkers zoveel kunnen eten als ik maar wou, geen
782 83 1281 141 mens zou het merken. Ik zoek naar een geschikte plek voor mijn lunch.
776 105 1435 163 Ik begin door een streek te fietsen waar geen steen meer op de andere staat en waar de lucht
782 125 1415 185 door het dreunen wordt verscheurd. Er heeft toch geen oorlog gewoed, maar 't ziet er
780 147 1415 209 naar uit, alsof hier de vreselijkste slag is geleverd. Hoe naargeestig klapperen de raampjes
784 169 1421 229 van het gescheurde spoorweghuisje in de wind! Hoe zwart beroet de muren en hoe tot op
784 193 1437 255 het geraamte uitgebrand de daken van de Veluwse boerderijen, waarvan er niet één, en hoevelen
788 215 1443 273 kom ik er niet tegen, waarvan er niet één voor het vuur is gespaard! Ik zie een grijze muur
786 237 1429 293 van een koffiehuis, waarop een beroet bordje mij welkom toeroept. Ik stel mij voor, hoe
780 261 1445 319 niemand der reizigers zal nalaten zijn gezellin dit zinnetje voor te lezen: "De koffie is klaar."
780 285 1421 345 De eerste boom, die voorbij het dichtgespijkerde dorpje Putten de vermoeide reizigster
782 309 1431 369 een zitplaats biedt, wordt tot lunchgelegenheid benut. Ik spreid de kaart voor mij
784 333 1393 393 uit op het mos om te zien, hòe ik straks verkwikt mijn route vervolgen moet.
788 357 1433 419 Op hetzelfde ogenblik slaat met een daverende slag een voltreffer achter mij in het bos.
782 377 1435 441 Ik hoor de bomen kraken en krijg een duwtje in de rug. Als ik achterom kijk langs mijn mouw,
776 397 1447 467 merk ik hoe mijn jas van achteren met modder is bespat. In razende vaart pak ik mijn spullen
780 415 1391 483 in. De kaart vouw ik op met de advertentie naar boven: "Bezoek Putten, de parel
779 469 993 490 op de Veluwe" staat er op.
790 597 992 651 22 December. De boer op.
784 639 1124 693 In deze streek ben ik eens met vacantie geweest.
788 661 1419 723 Deze zomer ben ik op het thans verwoeste station uit de trein gestapt. Ik herinner
788 683 1431 747 mij, dat er overal bakken met bloemetjes stonden die de Vereniging voor Vreemdelingen
790 709 1439 771 Verkeer daar had neergezet en dat er vlaggetjes hingen, waarop "Welkom in Nunspeet"
790 733 1413 793 stond. Ik stond daar met mijn leren koffer een tijdje stil om de dennenlucht
790 757 1415 815 met gretige teugen in te ademen. Vanuit hotel "De Veluwe" zag je jonge mensen
788 781 1431 837 in witte kleren zomerkleren dansen op het balkon. Nu is het hotel door de luchtdruk
794 805 1397 865 gescheurd en sta ik hier met een juten zak. Ik moet destijds geboeid naar die
788 827 1441 891 boerderij hebben getuurd, die daar zo mooi aan de rand van het donkere dennenbos
790 847 1415 911 ligt. Nu is het voor mij niets dan een prooi geworden, een fort door kwaadaardige
788 871 1447 935 demonen belegerd, een luilekkerland, waaruit na een vreselijke strijd, spek en boter te halen valt.
790 897 1439 961 Een luilekkerland, dat helaas niet door een rijstebrijberg te bereiken is. Lieve hemel, het
784 921 1437 987 lijkt mij in 't geheel geen bezwaar om midden in een rijstebrijberg te blijven steken. Men
784 945 1086 999 keert dan gewoon weer verzadigd terug!
788 967 1433 1035 Voor een reeks, als vestingen op het landschap neergeworpen boerderijen sta ik stil
788 989 1419 1057 met mijn mantel, mijn koffiesurrogaat, mijn schoenen en mijn theedoeken onder de arm.
784 1011 1429 1081 Ik heb al vijftien boerderijen gehad, waarin boerendochters gichelend in mijn mantel
784 1033 1437 1103 voor de spiegel draaiden en waarin ik die zinnen heb gesproken, die ik nooit meer zal
786 1053 1443 1127 vergeten: "Ziet u, de mantel is van vooroorlogse kwaliteit. Dat kunt u aan kleinigheden
777 1107 1440 1139 zien. Het leren ceintuurtje bijvoorbeeld kost bij ons in “De Bijenkorf” alléén al een gulden
775 1129 1439 1155 of tien. Aan de onderkant van de mouwen kunt u zien, dat de mantel nog geheel niet
