1500 1175
761 0 1426 38 is versleten." En géén der boerendochters heeft beseft, dat elke gichel mij trof als een
761 0 1442 66 dolksteek in het hart en dat achter mijn bereidwillige glimlach een misdadige moordlust
759 22 1412 88 verborgen lag. Ik loop een erf op in het weten, dat men zich vanuit de verte al
759 46 1414 108 vrolijk om mij maakt. Aan de muur hangt een vers geslacht varken. De darmen
759 70 1406 132 worden er juist dampend uitgehaald. Bevend van opwinding bereik ik de deur en
761 92 1422 156 klop aan. Hij wordt geopend en onmiddellijk weer dichtgeslagen. Hier heb ik niets
763 114 1440 176 meer te vertellen. Maar ik probeer het tóch. Het verlokkelijk uitgespreide varken dwingt mij
763 138 1410 200 daartoe. Door de gesloten deur schreeuw ik de bewoners een opsomming van
769 164 1432 228 onze Amsterdamse rantsoenen toe en dat er al velen sterven op de straten en dat
765 186 1412 252 ik hier niet kom voor mijn plezier. Ik krijg geen gehoor. Als ik met mijn bullen
759 210 1422 274 langs het varken loop, rollen mij de tranen over de wangen. Als ik langzaam
763 234 1450 298 over een grintweg loop kom ik een mannetje met twee koffers tegen. "Heb jij geen geluk,
767 260 1442 324 meid?" vraagt hij met een verschrikkelijk hese stem. Als troost mag ik zijn koffers voelen.
769 284 1432 352 Ze zijn zwaar van de boter en het spek. "Je moet ze kennen, de boeren," zegt hij,
771 314 1416 376 "ik ben Barentz. Ik kom hier elke maand uit Amsterdam gelopen. De mensen geven
777 340 1436 402 mij kleren mee. Wat heb jij bij je?" Ik laat hem moe mijn mantel zien. Dan trekt
777 372 1412 428 hij mij opgewonden aan mijn mouw. Hij weet wel een boerin, die zo'n mantel
777 400 1438 458 begeert. Als 't lukt moet ik hem een vergoeding geven. Wij lopen wel een uur de
777 426 1426 492 boerderijen langs met de zware koffers. Ik voel mij niet prettig, omdat hij onder zijn
781 452 1416 518 last dreigt te bezwijken. En als hij maar niet zo asthmatisch was!
783 476 1394 546 Eindelijk gaan we ergens naar binnen en een uur later komen wij er weer uit.
777 502 1422 572 Een boerin heeft mijn mantel gepast en hem te glanzend gevonden. Twee boeren hebben
773 526 1422 596 elkaar handeklappend voor mijn neus de boter tot dertig gulden opgedreven en aan
767 548 1424 620 elkaar verkocht. De ééne lachte zich krom, omdat hij de andere de loef had
767 572 1430 648 afgestoken. En ik heb mijn hoofd afgewend, toen ze met boter en spek belegd, dikke
773 602 1438 672 boterhammen begonnen te eten. Ik had na de ochtend nog geen eten gehad en nog
773 630 1394 700 begeerlijker dan mijn mantel kwijt te raken, leek mij een boterham met spek.
781 864 1404 928 Een zigeunerin, een sigaret tussen de lippen, vroeg mij mijn mantel te zien. Ik spreidde hem
781 890 1422 954 bereidwillig open en prees de kwaliteit, maar zonder een woord te zeggen, draaide zij mij haar
783 912 1392 972 rug toe. Toen heb ik Barentz meegesleurd en nu staan wij hier weer met zijn beiden.
779 934 1432 996 Als ik afscheid van hem heb genomen, bedenk ik mij, dat ik naar die boerderij zal gaan,
783 956 1436 1018 waar ik de vorige dag mijn schoenen heb achtergelaten, en waar ik drie pond boter voor heb
779 976 1454 1038 gevraagd. Ik heb dit bezoek, bang voor de beslissing, tot het laatste toe uitgesteld en ik heb vannacht
783 998 1418 1062 van de spanning niet goed kunnen slapen. Na lang dralen, ga ik zachtjes naar binnen.
779 1022 1410 1082 De boerin knikt mij vriendelijk toe, zegt dat het haar spijt en grijpt iets onder de tafel.
781 1048 1081 1102 En zij geeft mij mijn schoenen terug...
