1500 1114
1053 18 1172 71 1940.
1408 39 1456 46 2
986 67 1316 148 Een Woord Tot de Jongeren
891 131 1470 200 "Ik wens hen te wijzen op de grote verantwoorde-
900 178 1468 230 lijkheid, die op hen rust, want van hun karak-
903 206 1437 256 ter, flinkheid, voortvarendheid, aanpassings-
909 236 1458 275 vermogen en helder inzicht zal de terugkeer
913 268 1463 320 tot betere tijden in hoge mate afhankelijk zijn.
907 292 1431 338 Hun zal waarschijnlijk een zeldzame kans
905 327 1456 376 geboden worden te tonen wat hun vernunft
905 355 1452 400 en noeste arbeid vermogen voort te brengen.
907 390 1468 438 De grondslagen waarop ons staatsbestel rust en
907 418 1409 456 de hoogste en heiligste goederen die door de
906 445 1424 485 eeuwen heen het onvervreemdbaar eigendom
907 454 1458 516 van ons volk zijn geweest, vormen een hechte
901 508 1436 537 boelen om die toekomst op te doen verrijzen.
924 530 1439 572 Met gerustheid in dit opzicht zie ik in
899 558 1424 601 onze toekomst, nu ik menigmaal getuige
903 593 1419 633 mocht zijn van de bereidwilligheid, de
902 612 1462 658 ernst en de geestdrift die het jongere geslacht
907 643 1445 692 bezielen voor de grote taak, die het wacht."
1146 684 1431 754 H.M. DE KONINGIN.
858 740 1146 817 Uit de H.B.S. agenda van 1940-1941.
