1500 1110
670 49 704 64 3.
133 35 631 110 10 Mei - Het nieuwe Wilhelmus - 1940
131 99 458 160 1) Wilhelmus van Nassaue
137 146 481 187 Ben ik van Dietschen Bloed,
135 175 442 218 Het Vaderland getrouwe
137 205 416 250 Blijf ik tot in den doet.
143 231 398 280 Princesse van Oranje
137 264 402 304 Ben ik vrij onverveert,
141 285 490 346 't Bewend van 't sterk Oranje,
139 322 419 373 Heb ik altijd geëerd.
139 359 458 423 2). In vreë met elk te leven
139 408 409 450 Heb ik altijd betracht,
135 437 464 484 Nochtans ben ik verdreven,
135 467 474 517 Om land, om luid gebracht.
141 497 470 546 Maar God zal mij regeren
131 530 448 572 Als een goed instrument,
135 557 426 609 Dat ik mag wederkeren
139 588 390 640 in mijn regiment.
135 624 530 695 3) Laat 't vreemd geweld ons drukken
133 675 488 719 En neerslaan, wat weerstreeft,
139 697 510 759 Toch kan 't mij niet ontrukken,
141 732 450 777 Wat mij in 't harte leeft.
130 761 472 808 Dit is de liefde en trouwe,
131 794 480 836 Door mijn geslacht verpand
137 821 496 865 Wat kwaad de vijand brouwe
139 850 465 901 Aan 't dierbaar Vaderland
137 890 494 958 4) Het stormgetij moog wassen,
135 939 466 982 De golven mogen woe'n,
130 971 458 1020 De vuurmond moge bassen
139 1001 433 1046 En alles dav'ren doen,
1426 30 1450 51 4.
971 45 1295 100 Toch schrijf ik op mijn vanen;
971 84 1302 130 Ontplooid op Britse Zee,
964 116 1294 156 Hoort toe mijn onderdanen,
971 145 1332 196 't aloud: „Je maintiendrai.“
963 186 1357 245 5) En waar mij God moog leiden,
963 232 1352 277 Hoelang mijn zwerftocht duur',
963 263 1320 305 'k blijf niettemin verbeiden,
969 293 1274 335 Het blij bevrijdingsuur.
959 319 1310 369 Eens klinkt 't Oranje Boven
963 352 1324 395 Voort uit der mijnen mond,
959 378 1323 425 Dan zal ons danklied loven,
959 409 1300 452 Hem, die verlossing zond.
971 458 1295 509 6) Langs onbegrepen wegen,
965 490 1326 541 Voert vaak der volk'ren lot,
967 529 1360 566 Maar 't eind wordt immer zegen,
973 555 1338 599 Waar 't bidden klinkt tot God.
967 585 1334 630 Laat dan de Heer maar waken,
963 617 1304 656 't Is wijsheid, wat Hij doet,
967 644 1282 687 Zo zal hij alles maken,
963 675 1307 720 Dat g'U verwondren moet.
969 714 1316 776 7) Met al hun dapper vechten,
967 763 1282 809 Met al hun stout jolijt,
973 789 1338 837 Zij zullen ons niet knechten,
959 820 1304 862 De machten van deez’ tijd!
961 851 1320 891 Tenzij 't woord des krijgers,
955 882 1290 928 Moedwillig werd verzaakt.
951 892 1360 961 " 'k Heb met den Heer, mijn krijger,
961 940 1305 986 Een vast verbond gemaakt."
