1500 1116
673 40 705 61 5.
207 43 236 103 Ik
258 45 293 105 wet
307 44 312 104 4
328 44 367 104 op,
377 46 392 106 te
406 45 482 105 blijven,

195 72 318 132 Vertrouwen
339 74 346 134 ’t
362 74 507 134 allerstond,

214 104 255 164 Dan
269 103 344 163 zullen
357 104 386 164 wij
396 104 524 164 verdrijven.

198 133 234 193 die
250 132 266 192 om
286 132 294 192 ’t
314 132 366 192 latt
386 132 517 192 doorwordt.

202 162 256 222 Godt
268 162 305 222 zal
315 162 322 222 ’t
337 162 431 222 onsdoen
452 162 557 222 gelukken

203 192 226 252 Op
239 190 281 250 zijn
299 192 492 252 bepaaldetijd.

194 220 245 280 en
261 220 311 280 tand
327 220 370 280 zzal
383 220 413 280 ons
433 220 557 280 ontrukken

194 250 238 310 Van
249 250 257 310 3
273 250 358 310 vijands
379 250 450 310 weett
465 250 485 310 en
494 250 531 310 nyd

192 307 235 367 Na
249 309 257 369 '’t
272 308 421 368 zuurstaloms
436 308 543 368 verblijden

205 337 269 397 Het
280 337 326 397 zeer
344 336 431 396 begeerde
445 338 508 398 zoet,

196 367 314 427 Gelouterd
338 367 387 427 door
399 366 407 426 ’t
427 367 505 427 bijden,

188 396 248 456 tien
262 397 292 457 wij
305 398 313 458 't
332 397 392 457 einde
409 396 480 456 Goed.

194 427 223 487 Ik
247 426 294 486 heer
307 426 343 486 dan
359 426 396 486 tot
411 426 441 486 U,
452 426 530 486 weder,

199 454 233 514 Een
257 455 325 515 wordt
336 454 357 514 de
371 454 471 514 toekomst
484 456 560 516 betoor

191 484 219 544 En
238 486 249 546 ’t
273 486 303 546 leg
318 486 360 546 met
374 484 381 544 U
414 485 517 545 terneder

184 513 238 573 Mijn
256 516 365 576 Aanklied
386 516 434 576 voor
445 514 569 574 Godstroon.

200 574 237 634 aan
249 574 279 634 O,
291 572 327 632 van
337 574 381 634 waar
400 574 410 634 t
430 574 512 634 verblijve

181 601 242 661 Mijn
262 602 357 662 vorstelijk
373 602 376 662 „
388 602 450 662 salmet

185 632 261 692 Totdat
273 632 321 692 myn
338 632 393 692 leeuw
423 632 523 692 verdrijve

184 663 222 723 Der
241 662 304 722 Nazi
318 662 328 722 3
347 660 471 720 attribeut.

180 690 260 750 strak,
271 690 342 750 buiten
353 692 380 752 wij
389 691 433 751 kens
442 692 575 752 vijandshorden

185 720 252 780 strek.
261 720 335 780 zwygt
342 720 375 780 Het
389 722 433 782 drie
457 722 540 782 geween,

178 750 211 810 als
224 750 272 810 weet
283 750 330 810 zal
343 751 392 811 zijn
411 750 534 810 geworden,

172 780 248 840 Oranse
264 782 282 842 en
300 782 421 842 Nederland
442 780 473 840 een
