1500 1112
676 52 721 74 61.
124 75 194 101 1941.
281 68 393 94 Versje.
210 123 537 154 Op de hoek van de straat
210 152 529 181 staat een pierenwaaier
197 183 571 212 't Is geen man, 't is geen vrouw,
207 209 514 240 't Is een landverraaier
211 240 548 272 Sla hem dood, net als Koot,
203 271 493 302 Stop hem in een kistje.
196 294 530 330 Doe er een beetje water bij,
208 326 562 356 Dan zwemt hij als een visje.
207 383 508 415 Onze Tijs, ging op 't ijs.
207 412 526 443 Hij wou schaatsrijden.
208 443 414 472 Maar zijn poot,
197 474 418 503 Woog als lood,
200 500 511 530 En hij ging aan 't glijden.
204 532 533 560 Wat een smak, in een wak,
201 558 461 589 Ging hij kopje onder,
198 586 579 616 En toen hij weer bovenkwam,
197 616 508 647 Was 't een dooie donder.
260 723 292 783 de
320 720 409 780 Ducl.

172 780 247 840 staker
256 778 340 838 dectator
358 778 392 838 was
399 777 426 837 dol
437 776 450 836 op
461 776 468 836 't
480 775 530 835 water
544 773 571 833 dat
581 772 636 832 sroomt
643 772 655 832 in
661 772 674 832 de
681 771 760 831 Middelszee

153 811 174 871 w
205 810 235 870 Een
248 810 285 870 dito
292 808 346 868 daerom
357 807 382 867 wil
391 805 454 865 proberen
463 804 476 864 te
482 804 515 864 gaen
521 804 575 864 vechten
586 804 643 864 'twgnze
652 808 695 868 Wart

621 839 727 860 trum zegt hij,
151 839 217 899 Maar
223 838 231 898 ’t
246 837 286 897 kost
301 836 330 896 hem
347 836 378 896 aen
393 836 401 896 ’t
416 836 455 896 eind
470 833 513 893 zijn
530 832 587 892 baan.

154 870 205 930 Want
213 868 235 928 ven
243 866 260 926 de
268 866 285 926 de
291 866 361 926 oorlogen
372 864 499 924 Griekenlehe,
505 862 564 922 slijnt
571 862 579 922 ’t
587 861 621 921 niet
626 860 641 920 zo
649 860 700 920 geedte
710 860 748 920 gaan

65 900 126 960 Resran

157 899 180 959 O.
211 898 248 958 Agt
260 896 297 956 was
310 894 340 954 den
351 894 418 954 schrik
431 892 470 952 voor
477 892 500 952 die
513 892 573 952 Dure.
578 891 607 951 die
619 890 664 950 twe

153 927 197 987 Nou
212 926 261 986 heeft
275 925 300 985 hij
311 922 420 982 ontzettend
435 922 440 982 ’t
455 922 517 982 land-

152 959 190 1019 O.
200 955 236 1015 dat
248 954 285 1014 was
296 954 319 1014 een
331 952 388 1012 schrik
404 952 446 1012 voor
454 952 483 1012 die
498 951 554 1011 Dure,
560 950 585 1010 die
600 950 663 1010 Duce„

156 987 179 1047 In
196 984 328 1044 Griekenland
347 982 361 1042 is
371 982 390 1042 zij
399 982 503 1042 gestrand.

1408 39 1456 63 62.
918 68 949 128 Hij
955 67 1006 127 deelt
1017 66 1033 126 ik
1044 66 1119 126 loefgeen
1126 66 1182 126 oorleg,
1189 65 1239 125 nooit
1248 65 1313 125 reelten
1324 65 1339 125 en
1348 66 1410 126 echter„

917 98 951 158 En
962 97 1007 157 hemd
1021 98 1125 158 wastewert
1135 96 1153 156 en
1165 96 1230 156 zwart
1242 94 1278 154 wap
1288 96 1326 156 zijn
1340 94 1388 154 lart.

917 128 955 188 Nu
968 126 1005 186 ziet
1016 126 1047 186 elk
1065 126 1139 186 sescist
1155 126 1193 186 dat
1206 124 1236 184 zin
1245 125 1334 185 laastzak
1345 126 1406 186 vergen.

921 157 936 217 O
975 154 1014 214 dat
1027 154 1070 214 was
1084 154 1115 214 een
1131 154 1201 214 sehrik
1217 152 1260 212 voor
1269 153 1297 213 die
1312 154 1362 214 Dull

917 185 957 245 no
970 186 1026 246 heeft
1041 186 1070 246 hij
1081 184 1130 244 geen
1141 184 1188 244 zel,
1199 182 1261 242 maar
1270 182 1278 242 ’t
1301 184 1376 244 land.

904 242 947 302 zijn
959 242 1057 302 schoorzoon
1070 242 1121 302 liens
1130 242 1160 302 zit
1168 242 1198 302 aan
1206 242 1224 302 de
1232 242 1281 302 prans
1291 242 1321 302 van
1332 242 1391 302 houdt

1204 271 1226 331 en
1233 270 1252 330 de
1261 270 1335 330 moeder
1343 270 1390 330 maar
1396 272 1409 332 in

906 302 960 362 Doet
972 302 992 362 de
1007 302 1104 362 dictator
1121 301 1151 361 van
1159 300 1226 360 Crika
1243 300 1295 360 bromt
1311 300 1365 360 maar

1212 331 1259 391 wat
1270 328 1284 388 in
1293 328 1322 388 sten
1338 330 1386 390 kin.

884 360 916 420 In
925 360 944 420 de
956 360 1059 420 woestijnen
1076 360 1220 420 daarvlachten
1232 358 1251 418 de
1263 358 1318 418 legers
1332 358 1352 418 en
1361 358 1395 418 eten

1174 388 1287 448 opeglette
1299 386 1336 446 met
1346 387 1400 447 zand.

900 418 957 478 kont
968 418 994 478 een
1007 418 1112 478 Engelsman
1128 418 1163 478 heer
1171 416 1274 476 achterne,
1281 416 1311 476 den
1322 416 1392 476 wuden

1173 447 1197 507 e
1210 446 1240 506 blij
1249 446 1288 506 met
1296 446 1328 506 tien
1339 446 1391 506 land.

763 508 866 568 Repreen.

899 507 928 567 O.
962 506 999 566 dat
1010 506 1047 566 was
1053 506 1078 566 een
1087 505 1149 565 sebrik
1162 504 1199 564 voor
1206 504 1228 564 die
1243 504 1291 564 Vucl,
1297 504 1324 564 die
1335 505 1386 565 Duce.

888 536 941 596 zijn
957 534 1111 594 zwarthemden
1131 534 1204 594 houden
1218 534 1266 594 geen
1279 534 1356 594 stand.

892 566 943 626 O..
955 564 990 624 dat
1001 565 1041 625 was
1048 564 1073 624 gen
1084 564 1149 624 schrik
1162 563 1201 623 voor
1209 563 1237 623 die
1247 562 1300 622 Duce,
1306 564 1331 624 dig
1344 564 1394 624 Duce.

878 594 910 654 Hij
921 594 962 654 doet
972 594 991 654 ze
1002 592 1105 652 Curcletl
1122 593 1141 653 en
1151 592 1201 652 gros
1212 592 1241 652 van
1253 592 1275 652 de
1298 591 1361 651 land.

883 625 915 685 Er
924 624 939 684 is
949 622 986 682 met
999 622 1030 682 hem
1051 622 1096 682 geen
1107 622 1206 682 laddmeer
1217 622 1232 682 te
1243 621 1316 681 bezeilen
1336 621 1405 681 zeijlen

889 653 932 713 Den
944 652 1052 712 sctreeust
1067 650 1089 710 bij
1101 650 1144 710 mid
1185 650 1267 710 Marsct
1280 650 1378 710 achteruit

880 683 906 743 En
918 682 1043 742 zekennen,
1048 682 1070 742 va
1087 681 1133 741 zijn
1147 680 1208 740 bever
1223 680 1243 740 la
1269 680 1313 740 dan
1323 680 1387 740 dood.

877 712 915 772 Nu
935 711 994 771 heeft
1008 710 1034 770 bij
1045 710 1095 770 geen
1106 710 1148 770 zel,
1156 710 1218 770 maar
1229 709 1237 769 ’t
1257 709 1332 769 land.

905 770 971 830 Dikke
983 768 1073 828 Metator
1090 768 1126 828 van
1134 768 1182 828 zand
1197 768 1215 828 en
1226 768 1261 828 van
1276 768 1350 828 wakr,

897 800 989 860 Geslaat
1002 798 1024 858 er
1037 798 1069 858 een
1089 797 1264 857 moddersiguur.

887 828 927 888 nu
941 828 956 888 is
963 828 971 888 't
989 827 1072 887 gedaan
1087 828 1136 888 met
1150 826 1165 886 se
1182 826 1318 886 ompercuem.

896 858 925 918 al
939 859 1023 919 vragje
1037 857 1072 917 ook
1091 856 1145 916 zulx
1157 855 1192 915 aan
1211 856 1228 916 je
1242 856 1311 916 buur.

879 889 899 949 te
910 888 1013 948 genvaren
1030 884 1131 944 verzinnen
1144 886 1226 946 vertalen
1245 884 1264 944 en
1273 884 1318 944 gaan
1327 883 1397 943 daarna

1255 914 1274 974 in
1286 914 1308 974 de
1319 914 1388 974 steun,

904 944 937 1004 als
946 942 959 1002 je
974 942 1002 1002 het
1013 944 1061 1004 szelf
1072 942 1152 1002 konden
1168 942 1261 1002 smeerde
1279 942 1296 1002 je
1309 943 1365 1003 lem„

886 976 954 1036 maar
964 974 1055 1034 nuzing
1071 975 1086 1035 je
1096 974 1120 1034 de
1133 973 1242 1033 volgende
1260 972 1336 1032 deur.
