1500 1113
674 64 719 77 63.
35 79 116 146 Refrein:
143 63 632 138 O, ... dat was een schrik voor die duce, die duce,
144 119 559 164 Zijn schepen zijn overal gestrand.
137 153 637 186 Zo, ... dat was een schrik voor die duce, die duce,
141 179 616 219 Hij doet ze dol goedkoop van de hand.
139 208 702 260 Hij heeft de zee, de zee, de zee, de zenuwen, zenuwen,
137 235 561 279 Per microfoon wast hij zich schoon,
131 244 668 314 Als ik dat had verwacht, had ik me nog bedacht.
137 297 544 354 Nu heeft hij geen zee en geen land.
165 384 720 450 In Amsterdam is immers die N.S.Ber Koot ver-
151 437 726 487 moord en natuurlijk door Joden. Men zei zelfs
159 469 640 514 dat ze z'n strot hadden afgebeten e.d.
155 502 712 561 Nu is er echter bewezen, dat 't onmogelijk Joden
161 530 467 585 kunnen zijn geweest, want:
238 556 714 605 A. Het is tussen 7 uur en 7.15 's avonds ge-
274 585 720 636 beurd en dan luisteren alle Joden naar de
283 619 437 657 Engelse Radio.
243 628 741 689 B. Er werd gezegd dat ze zijn hersens had-
285 673 710 714 den ingeslagen. Ook dit is onmogelijk,
279 699 700 747 want N.S.B.ers hebben geen hersens.
237 726 729 770 C. Dan zouden ze nog z'n strottenhoofd
277 756 744 809 hebben afgebeten. Dit is helemaal onmo-
279 786 732 851 gelijk want Joden eten geen zwijnenvlees.
1391 45 1455 63 64.
776 34 831 100 II.
880 40 951 101 1941.
1013 37 1348 88 Gebeurtenissen: vervolg blz 33.
867 58 1457 114 hij achter zich. De ministers die vóór 't Duitse ver-
865 116 1459 146 drag waren worden gevangen genomen en gefusilleerd.
863 138 1405 180 Paul en Olga (zuster van Marina) vluchten.
763 172 861 218 27 maart.
879 171 1449 218 Keren in Eritrea en Harar in Italiaans Somali-
865 197 1255 242 land door de Engelsen veroverd.
755 256 858 269 Begin April.
879 237 1464 258 Duitsers vallen Joegeslavië en Griekenland binnen.
871 254 1351 293 Belgrado en Saloniki hevig gebombardeerd.
871 275 1444 336 Tegelijkertijd vechten de Duitse troepen in Cyrenaica.
869 313 1465 373 Benghazi en Derna worden door de Duitsers terugge-
867 349 964 399 wonnen.
863 350 1463 409 De Engelse troepen vechten in Griekenland, en in Eri-
867 403 1207 446 tréa nemen ze Addis Abeba in.
772 410 867 473 " mei.
875 415 1444 478 Griekse leger moet na een dappere strijd
873 458 1449 498 capituleren. De meeste Engelse soldaten
867 488 1473 540 kunnen nog weg komen, om dan weer in Egyp-
871 518 1086 564 te te vechten.
791 532 852 589 " mei
881 538 1133 591 Strijd bij Tobroek.
762 581 856 629 12 Mei.
873 554 1469 626 Rudolf Hess, één van de toekomstige opvolgers
861 603 1465 651 van Adolf Hitler, en verder belangrijk partij-
857 634 1457 674 man, met een Messerschmidt 110, uit Duitsland
859 664 1439 717 gevlucht. In Schotland is hij uit 't vlieguig
859 677 1455 744 gesprongen en kwam beneden met een gebroken
855 719 1465 761 enkel. Werd door een boer uit Glasgow gevonden.
865 755 1471 794 Hij was volkomen onbewapend, en gaf een verkeer-
863 788 1462 826 de naam op n.l. „A. Horn". Door foto's is men
858 807 1453 852 er echter achter gekomen dat hij Hess was, en
863 838 1468 893 dat gaf hij zelf ook toe. De Duitse kranten, die
861 867 1473 912 nu natuurlijk weer een leugentje moeten verzin-
859 902 1465 950 nen, zeggen dat Hess zenuwziek en maaglijder
863 929 1457 969 was... hm.. hm, dus een krankzinnige, als toe-
863 953 1473 1005 komstig Führer. Bij een onderzoek in Engeland bleek
869 986 1213 1040 het tegendeel waar te zijn.
