1500 1095
702 36 742 61 103
64 67 482 92 1943. Gebeurtenissen
136 124 303 150 bombardement.
146 149 736 178 Koninginnegracht zal doorgetrokken worden, enkele bruggen
140 178 747 209 opgeblazen. Haagse bos; Scheveningse bosjes; Zorgvliet; allen
133 209 424 237 niet meer te herkennen!
1404 35 1444 55 104.
781 45 848 105 1943.

775 73 873 133 Februari

901 71 939 131 aan
953 71 983 131 het
1001 71 1050 131 begin
1069 71 1102 131 van
1112 71 1134 131 de
1153 71 1221 131 maand
1244 72 1338 132 vreselijke
1357 71 1422 131 zaazie

877 101 901 161 op
916 101 1020 161 stedentit
1045 101 1066 161 en
1089 101 1158 161 andere
1174 101 1221 161 jonge
1240 101 1323 161 manher
1335 101 1445 161 gehouden,
1449 101 1468 161 die

862 131 912 191 naar
929 130 997 190 Vaght
1012 129 1106 189 vervoord
1130 131 1226 191 werden.
1244 129 1266 189 hy
1276 129 1333 189 Carsten
1346 129 1462 189 Reydonderman

775 219 844 279 Maart
876 218 928 278 voor
941 219 964 279 de
985 217 1130 277 keurgesteld:
1149 218 1263 278 lopaliteit
1279 217 1314 277 wet
1327 217 1346 277 te
1367 217 1456 277 teberen,

879 159 963 219 Politek
984 159 1032 219 niet
1048 159 1068 219 te
1084 159 1127 219 veel
1144 159 1244 219 nieuws.
1255 159 1295 219 Na
1313 159 1319 219 t
1337 159 1345 219 6
1362 158 1426 218 weken
1439 159 1460 219 de

871 190 920 250 jonge
941 189 1025 249 mannen
1045 189 1092 249 toet
1112 187 1167 247 weer
1187 189 1227 249 vrij
1239 189 1347 249 gelaten,
1359 189 1466 249 studenten

775 219 844 279 Maart
876 218 928 278 voor
941 219 964 279 de
985 217 1130 277 keurgesteld:
1149 218 1263 278 lopaliteit
1279 217 1314 277 wet
1327 217 1346 277 te
1367 217 1456 277 teberen,

870 248 894 308 of
905 247 981 307 anders
996 247 1048 307 naar
1068 247 1205 307 Duitsland.

895 277 996 337 Geluktig
1011 275 1056 335 over
1071 276 1102 336 het
1111 275 1176 335 getele
1198 275 1251 335 land
1268 275 1340 335 weinig
1359 275 1463 335 tekenaart

865 305 978 365 Deportakie
995 305 1033 365 der
1053 305 1117 365 jdden
1143 305 1231 365 opgrote
1249 305 1330 365 sctoel
1348 305 1452 365 voortge-

867 333 918 393 Het.
933 334 1028 394 Voestand
1051 334 1129 394 steeds
1145 333 1260 393 akterper.

875 363 918 423 uit
928 363 950 423 de
969 363 1072 423 bedrijven
1090 363 1114 423 en
1126 361 1166 421 van
1177 361 1200 421 de
1225 362 1325 422 kentoren
1345 361 1466 421 ongeman.

869 393 915 453 nen
934 393 971 453 van
991 393 1027 453 16-
1040 393 1058 453 35
1074 393 1114 453 jaar
1132 391 1194 451 allen
1209 391 1229 451 te
1242 393 1290 453 werk
1306 393 1379 453 gesteld
1393 391 1408 451 in
1420 391 1472 451 Duit-

867 420 940 480 lant.

776 454 838 514 April

880 449 1005 509 Amerckaren
1028 451 1055 511 en
1072 450 1164 510 Engelsen
1185 450 1297 510 ontmoeten
1318 449 1392 509 elbaar
1409 449 1430 509 in

879 480 947 540 Vunis
958 479 974 539 om
1002 481 1134 541 gezamentyk
1162 481 1181 541 de
1199 479 1283 539 Duiters
1299 479 1322 539 en
1336 479 1450 539 Hakianen

862 507 886 567 te
904 509 1047 569 verdriven.

877 537 1064 597 Bombardementen
1082 537 1101 597 of
1116 535 1236 595 Duitland
1256 537 1326 597 steeds
1340 537 1430 597 leviger.

873 565 976 625 Heulen,
989 565 1065 625 Ersen,
1086 565 1223 625 Pusseldorf,
1233 566 1308 626 Berlin
1323 566 1377 626 enz.

773 597 791 657 30
797 596 846 656 April

885 595 1022 655 Aanbondiging
1045 597 1082 657 dat
1104 595 1136 655 het
1148 595 1189 655 bele
1213 594 1341 654 voormakge
1357 594 1457 654 Nederlend

862 627 891 687 de
913 625 967 685 bger
988 625 1033 685 wee
1051 625 1071 685 in
1084 625 1320 685 krijgsgevergenschap
1335 625 1462 685 moetgaan.

864 653 981 713 alsgevolg
994 653 1104 713 practisct
1126 653 1196 713 getelt
1212 654 1291 714 staking
1302 653 1427 713 gedutende

865 683 874 743 2
889 683 965 743 degen/-
983 683 1105 743 spoorwegen
1124 681 1197 741 verken
1210 683 1261 743 door

886 711 976 771 strengt
999 711 1139 771 maatregelen
1154 711 1254 771 genomen,
1265 713 1286 773 in
1301 711 1405 771 Gronenger
1420 711 1438 771 en

866 741 976 801 Priestard
1010 741 1053 801 vele
1078 740 1168 800 menen
1190 740 1319 800 verwoord.

781 771 835 831 Mei.

873 769 1006 829 merebaans
1022 770 1027 830 -
1041 769 1123 829 Engelse
1149 769 1268 829 veldtocht
1285 769 1404 829 vordert.

874 800 896 860 13
914 798 965 858 Mei
996 797 1210 857 Putisgeallen,
1229 797 1277 857 vele
1303 797 1473 857 krijgsgevangen

872 829 917 889 ner
928 827 1026 887 gemaakt
1050 827 1072 887 en
1095 827 1145 887 veel
1168 827 1297 887 materiaal
1312 825 1443 885 Geregelde

875 856 1069 916 bonbardementen
1091 855 1126 915 van
1146 856 1262 916 Sakaame
1285 857 1392 917 eilanden,
1404 857 1435 917 als

868 885 977 945 voorbode
998 885 1032 945 der
1056 885 1165 945 komende
1199 883 1291 943 Invarte

785 916 793 976 6
804 915 836 975 Mei

878 915 1001 975 stedenten
1039 914 1086 974 wet
1104 913 1219 973 tebenaers
1244 913 1300 973 voor
1325 913 1452 973 Duitland

870 943 1005 1003 opgeroepen,
1020 943 1072 1003 voor
1086 944 1109 1004 de
1136 943 1199 1003 telft
1218 943 1300 1003 zijnze
1315 943 1409 1003 gegaan,
1419 943 1442 1003 de

869 973 914 1033 keit
925 973 939 1033 is
954 973 1130 1033 ondergedaten.
1147 972 1187 1032 en
1240 973 1352 1033 uitstend
1375 973 1454 1033 worden
