1500 1096
686 39 726 68 165.
68 68 128 104 1943.
272 66 452 98 Gebeurtenissen.
140 122 746 156 ze te werk gesteld in fabrieken, ziekenhuizen en
142 150 288 186 op kantoren.
178 180 740 212 Gehele wegvoering van mannen van 18-35 jaar
146 210 500 246 afgekondigd en reeds begonnen.
146 239 732 274 Italiaanse eilanden Pantellaria en Lombardia
144 268 686 302 geven zich na hevige bombardementen over.
178 298 740 334 Dusseldorf en Krefeld practisch gesproken
144 326 748 362 door bombardementen van de kaart verdwenen.
156 384 750 420 Koningin Wilhelmina naar Ottawa vertrokken
142 414 364 448 voor een vacantie.
146 472 716 504 Weer 6 fusillades voltrokken waar onder als
152 502 602 534 Delfts Student Okkie van der Plas.
60 560 130 592 Juni.
156 558 736 592 Weinig nieuws op politiek gebied, de stilte voor
144 586 276 622 de storm?
168 616 736 654 Vele bevolkingssregisters verbrand en gestolen:
154 646 570 678 Soest; Apeldoorn; Amsterdam; enz.
180 676 722 708 Posthuma te Ruurlo doodgeschoten, dit
140 704 728 740 weer een moord, zoals in Februari Generaal
154 732 428 766 Seyfardt en Reydon
156 762 758 794 In Frankrijk Hauptleiter Schmidt doodgeschoten
152 792 648 824 (uit de trein gevallen door misselijkheid?)
144 846 692 882 Sterilisatie der Joden in Amsterdam begonnen.
144 878 744 912 Ook meisjesstudenten reeds oproepen voor arbeids-
146 910 230 944 inzet!
166 936 630 970 Inlevering der radiotoestellen geëist!
50 1021 131 1036 29 Juni
70 993 736 1028 Prinses Margriet in Ottawa gedoopt. Ook Ko-
1428 25 1462 58 106.
792 66 846 98 Juni.
876 90 1474 126 ningin Wilhelmina en Prins Bernhard aanwezig.
892 150 1456 182 12 Fusillades waar onder Guus Reitsma, in
868 180 1474 214 verband met verbranding van A'dam's bevolkings-
876 210 984 242 register?
790 270 844 302 Juli.
884 266 1474 300 Duitse grens voor post geblokkeerd, en verlo-
868 296 1284 330 ven van de arbeiders ingetrokken.
900 324 1470 358 Duitsers in Rusland weer een offensief begon-
868 353 1456 388 nen bij Orel, ongelooflijk veel verliezen aan
878 383 1456 416 hun zijde, mensen, tanks, vliegtuigen etc.
780 416 858 448 10 Juli.
886 410 1470 446 Geallieerde troepen op Sicilië geland, hevi-
872 442 1462 476 ge strijd. Zware bombardementen, ook in Ita-
856 472 986 506 lië zelf.
776 504 856 536 26 Juli.
888 500 1454 532 Na bespreking tussen Hitler en Mussolini op
872 528 1448 562 de Brenner, Mussolini in Italië afgetreden.
886 558 1474 592 Oproer aldaar, Badoglio zijn opvolger. Fascis-
876 588 1182 620 ten gevangen genomen enz.
774 646 868 678 Augustus.
888 644 1458 678 Bombardementen duren voort en worden steeds
878 674 1258 708 heviger, Hamburg, Berlijn etc.
896 702 1452 736 In Rusland alles goed, Orel weer in Russi-
874 734 1028 766 sche handen.
788 762 848 794 18 Aug.
896 762 1168 796 Sicilië gecapituleerd.
834 818 1468 854 Binnenland: Vele moorden op N.S.B. in de Noor-
872 848 1462 882 delijke provincies. Mannen boven 16 jaar mogen
872 878 1468 912 in de 5 noordelijke provinciën niet meer komen.
785 945 864 972 23/24 Aug.
788 934 1450 972 Berlijn en de Ruhr zeer zwaar gebombardeerd.
892 966 1192 1000 58 vliegtuigen verloren.
872 994 1220 1027 Rusland: Charkov ontruimd.
