1500 1016
976 23 1012 34 115.
675 89 891 105 Uitgegooid door de R.A.F.
708 132 770 145 boven
795 150 905 161 Duitsland.
910 596 962 618 Z.O.Z.
1435 24 1468 33 116.
1047 49 1090 56 1943.
1193 24 1418 70 Gebeurtenissen. vervolg blz. 105.
1025 59 1080 107 26 Aug.
1102 78 1483 110 Himmler Minister van binnenlandse zaken te
1094 98 1239 113 Berlijn geworden.
1028 118 1087 133 28 Aug.
1104 114 1478 139 Koning Boris, na zijn bezoek in Bulgarije terug-
1100 139 1486 172 gekeerd, doodgeschoten. Zijn zoon Simeon volgde hem
1096 154 1119 169 op.
1096 171 1489 195 In Denemarken staat van beleg, zeer rumoerig,
1095 187 1472 221 brandstichterij, schieten enz. De koning gevangen,
1110 207 1236 220 of ondergedoken?
1027 210 1078 254 30 Aug.
1099 210 1454 252 Brief van Hans Hoets uit Zweden, prachtig
1099 241 1463 266 overgekomen als koksmaat op een Duitse boot,
1091 261 1462 290 en nu reeds goed en wel in Engeland? Bravo.
1033 288 1086 304 September.
1099 281 1481 296 Onophoudelijke bombardementen door de gealli-
1091 296 1316 324 eerden op Duits grondgebied.
1102 305 1472 348 Italiaanse leger capituleert, Mussolini gevan-
1095 335 1454 364 gen genomen, Badoglio neemt de legerleiding.
1091 351 1442 378 Britse legers rukken op, strijd bij Salerno.
1090 371 1465 405 Mussolini door de Duitsers weer van zijn ei-
1095 389 1464 413 land bevrijd, neemt de leiding weer der fascis-
1097 408 1462 438 tische partij. Strijd in Italië gaat rustig ver-
1097 426 1291 456 der in langzaam tempo.
1111 434 1456 474 In Rusland grote bedrijvigheid. Duitsers
1099 462 1470 487 trekken in snel tempo terug. Charkov gevallen.
1032 484 1076 505 October.
1095 481 1459 506 Rusland snelle vorderingen der Russen. Kiev
1097 499 1452 533 valt, evenals Herts. Vele krijgsgevangenen
1095 524 1459 549 gemaakt. Bombardementen duren voort, ook
1075 537 1472 570 vanuit Italië, op Z. Duitsland en Oostenrijk.
1098 557 1464 574 Binnenland: Grote acties op illegaal gebied, vele mede-
1083 576 1458 605 werkers van "Vrij Nederland" opgepakt. Baronesse
1099 592 1446 621 van Hardenbroek en van Lier (Utrecht) gevangen
1095 610 1454 639 genomen, doch weer ontvlucht en op weg naar Engeland.
1084 631 1454 664 Laatste deportatie der A'dam Joden haar Westerbork.
1301 653 1446 689 Zie verder deel II!
