1500 1108
52 44 92 59 33
127 37 730 112 vervoerd, en staat nu, opgesloten in een kooi, op
127 90 734 140 de Dam, voor het koninklijk paleis. Een drukte,
123 122 718 152 als nooit te voren, voor een paar cent mag men
129 154 730 194 spugen, en meer van dergelijke flauwiteiten. Politie
123 177 732 213 te paard, om de orde te handhaven. Het is een lawaai
129 208 270 243 van geweld.
144 215 719 277 In Rotterdam wordt een fakkel aangestoken, die
123 272 732 303 als estafette naar Amsterdam gebracht zal worden.
129 297 736 347 en daarmee zal Hitler aangestoken worden, om dan
129 324 433 365 in vlammen op te gaan!
147 347 736 392 Door de loudspeakers hoort men van alle kanten
129 384 744 435 hoever de fakkel al gevorderd is: Delft: nu bijna
129 412 744 458 Den Haag bereikt...; Haarlem komt in ’t zicht... enz.
173 441 737 480 De menigte in Amsterdam wordt steeds wil-
127 470 741 522 der en nerveuzer. De politie kan er haast niet te-
129 500 706 545 gen op. Dan hoort men: „Fakkel in aantocht..,
117 535 744 570 Centraal station...; Damrak... en dan de Dam bereikt."
157 558 704 605 Eén zenuwstemming, want nu zul je 't hebben,
125 600 706 625 doch de fakkel heeft Hitler's kooi bereikt, of
127 619 709 663 daar komt ineens een joodje van de tribune
131 646 436 696 afgesprongen en roept:
186 662 742 712 "Dit was zo mooi, dat wil ik nog een keer be-
145 698 726 747 leven, laat de fakkel nog eens in Rotterdam be-
488 739 610 783 ginnen!"
