1500 979
758 56 894 109 27-2-'41.
899 58 1426 112 Nu kom ik er pas toe om over
851 92 1430 150 al de narigheid van de laatste tijd.
863 126 1444 186 te schrijven. Nu het allemaal al weer
855 162 1430 222 een tijdje achter de rug is, bezie ik het
869 198 1468 258 rustiger en heb niet al de finesses meer
861 230 1454 288 in m'n hoofd. Het is de laatste avond
855 266 1468 326 die ik in het R.K. Ziekenhuis moet door-
867 300 1440 362 brengen. Vanaf vrijdag j. l. lig ik hier op
861 338 1472 396 een kamer alleen. Een observatie. De laatste
859 372 1460 430 tijd had ik weer buikklachten en men-
859 406 1452 466 struatie was erg in de war. Morgen krijg
859 442 1456 502 ik te horen wat ik heb. Ik heb het hier erg
865 478 1446 536 naar m'n zin gehad, veel bloemen en
867 514 1462 574 lekkers gekregen en veel bezoek gehad.
869 548 1452 608 Ondertussen zit vader a.s. Zaterdag
863 582 1438 642 al ± 1 maand in de gevangenis op
859 618 1466 676 de Amstelveenseweg met Dr. Citroen. Hij
867 652 1472 712 is ziek (astma + bronchitis) We schrij-
865 688 1474 748 ven 1x in de 14 dagen en krijgen evenveel
867 724 1480 780 brieven terug. Nu is er voor de 2e maal
867 760 1474 816 een overval auto bij ons geweest. Moe-
867 794 1476 850 der dacht, dat zij weggehaald werd, maar
871 830 1470 886 ze kwamen alleen maar onze etenswa-
873 868 1328 922 ren voorraad bij ons weghalen.
