1500 981
122 66 440 138 De gemeenste dingen
459 66 680 131 zeiden ze tegen
122 117 688 166 moeder. De laatste dagen gist het
131 151 695 209 in heel Nederland. Overal zijn
127 184 714 249 stakingen, knokpartijen en hon-
131 222 719 277 derden Joden worden naar Duitse con-
133 252 721 314 centratie kampen gestuurd. Wij weten
133 291 733 345 ondertussen wat we aan onze mede-
127 323 721 370 mensen hebben. Van alle kanten kwa-
123 356 691 417 men vrienden, kennissen, familie
123 396 728 456 leden en laboranten etc. van de B.S.M.
130 426 715 489 ons levensmiddelen brengen en hun
127 472 441 521 diensten aanbieden.
131 482 696 560 Paul werd gisteren 17 jaar. Een zielige
127 538 692 601 verjaardag, zo zonder zelfs ook maar
131 575 461 622 een briefje van vader.
123 604 670 650 Ik heb alles van Lex en Wim aan
123 642 711 697 moeder verteld. Van Moeder hoorde
131 671 706 735 ik nog vele nieuwe dingen. Ze vertelde
135 711 725 762 dat ze vroeger met een zekere Heer Harm
131 746 725 805 Afman getrouwd was geweest in In-
135 793 741 839 dië. Iets dat ik helemaal niet vermoed
137 817 731 870 had. Ondertussen is het toch prettig
141 848 728 891 dat we wat meer van elkaar afweten.
112 888 678 942 Ik ben er achtergekomen, dat ik toch
407 936 428 956 2
863 43 1452 136 stapel verliefd ben op Wim. Ik legde
863 105 1453 154 hem zo'n beetje uit, hoe het kwam
860 141 1453 202 dat ik zo zoenerig bij hem was. Dat
859 178 1449 237 het een drift in me was etc. De
861 210 1458 269 schat hielp me. Nu heb ik me lange
861 247 1250 302 tijd kunnen bedwingen.
855 282 1429 330 Ik loop met plannen rond om te
863 316 1457 372 gaan verhuizen na de grote vacantie
861 357 1467 409 als het dan nog kan. De maatregelen
871 387 1465 445 voor de Joden zijn barbaars. Dokters
873 424 1473 485 (Joodse) mogen alleen maar Joodse
869 455 1465 517 patienten behandelen evenals apo-
867 495 1392 545 tekers, tandartsen, advocaten etc.
864 526 1471 590 De joodse studenten mogen niet meer
856 562 1463 628 aangenomen worden in september. Dege-
855 601 1470 654 nen die al studeren mogen de studie
858 637 1011 697 afmaken.
867 644 1463 732 Zelfs hier in het ziekenhuis zitten
863 702 1467 746 we in de kou, daar er geen kolen aan
863 746 1472 786 komen. Al het eten is schaars en peper-
867 776 1007 825 duur.
871 809 1441 850 Nu net komt er een bericht door een
869 843 1444 882 radio van het A.N.P. We (N. Holland)
855 878 1460 940 moeten vandaag na 8.30 in huis zijn.
1139 926 1178 951 3
