1500 974
34 78 236 114 6 maart 1941.
140 113 714 150 Denderend nieuws. Gisteren is moe-
136 150 696 182 der bij vader geweest. Hij zag er niet
140 184 702 219 slecht uit en keurig gesoigneerd, niet
132 222 710 254 tegenstaande hij niet wist, dat ze bezoek
138 254 684 290 kregen. Het bleek, dat hij steeds met
138 290 698 325 Citroen samen had gezeten, maar eerst
136 326 680 362 was v. Ditsbergen er bij geweest en
130 363 704 398 daarna een slager. Het eten was slecht.
124 396 716 430 's Morgens brood met melk, 12 uur
138 434 720 468 stampot (vies) en 's middags brood
142 468 712 503 met koffie. Zaterdag + Zondag vlees.
126 502 718 538 erbij. Nu mocht moeder echter van
128 540 716 574 alles meenemen. (kaas, jam, vruch-
128 574 706 608 ten, sigaren, chocola etc.) Ook boeken.
128 610 700 643 De ziel had alleen maar de bijbel
134 642 718 678 gehad om zich mee te amuseren.
132 678 692 714 Ze mochten 1 kwartier samen praten
134 714 698 748 onder toezicht van een Hollandse
134 748 732 784 cypier. Voortaan iedere week 1 kwart.
130 784 712 818 Het enige waar vader erg tegenop zag, was,
130 816 716 856 dat hij niet wist hoelang ze er nog
124 856 360 888 moesten zitten.
138 890 708 924 Ondertussen heb ik allerlei
374 934 396 954 6
864 80 1142 115 plannen gemaakt.
874 116 1454 154 Vanmiddag zijn Erna + ik naar het
866 152 1458 186 spreekuur van de directrice van het
872 184 1460 220 Prinsengr. ziekenhuis geweest om
868 220 1464 256 inlichtingen te vragen. Het lijkt me
872 256 1472 292 zo leuk en nuttig om verpleegster
866 294 1476 328 te worden, nadat ik deze cursus af heb.
870 322 1474 362 Volgend jaar kunnen we ons pas op-
870 362 1464 398 geven; ik ga er nog eens erg goed over
870 398 1466 432 nadenken. Je verdient ƒ15 eerste jaar
874 432 1418 468 leerling verpleegster in de maand.
870 468 1356 502 ƒ20 2e jaars en ƒ30 3e jaars.
866 500 1472 540 Volgende week gaan we nog eens in het
864 540 1342 576 Burgerziekenhuis informeren.
862 574 1468 608 Verder heb ik verhuisplannen. Het bevalt
862 608 1458 644 me hier niets meer. Kamer wordt nog
868 644 1446 677 altijd niet geregeld gedaan, dingen
868 678 1474 714 die ik nodig heb en kan verlangen wor-
870 712 1478 750 den niet gegeven, etc. Ik durf niets
868 750 1446 788 terug te zeggen, daar het familie is.
878 786 1460 820 M'n plan is om in een huis te gaan
868 820 1466 856 waar andere meisjes en jongens stu-
876 854 1480 890 denten op kamers wonen. Bijv. Pr. Gr. 1015.
868 892 1472 926 Ik ga er gauw eens een kijkje nemen;
1115 936 1140 957 7
