1500 976
85 104 103 116 !
135 59 406 131 Dingen voor later.
133 106 693 162 Na tafel allemaal in de voorkamer
139 141 726 205 gaan koffie drinken. Moeder middel-
136 175 721 240 punt met koffieblad (theeblad) voor
135 213 722 267 zich. (Denk aan zondag in Zwitser-
128 249 230 293 land.)
133 282 710 345 Praat aan tafel nooit over dingen waar
145 319 716 381 kinderen niets mee te maken hebben,
135 358 614 408 ook niet in Engels of zo iets.
139 389 713 442 Kleineer ze nooit. Ga kameraad-
127 429 724 488 schappelijk met ze om en zorg ervoor
135 459 716 520 dat ze uit zichzelf naar bed gaan en
127 499 656 558 niet weggestuurd hoeven te worden.
379 929 401 942 8
782 50 1007 122 19 Maart '41.
861 105 1450 162 Al weer zoveel gebeurd, dat ik er
863 138 1458 198 niet eens toe ben gekomen eerder te
866 180 1011 227 pennen.
869 183 1451 269 Vader is weer thuis!!!! Plotseling
865 250 1476 304 zijn alle gijzelaars weer vrijgekomen.
867 280 1462 342 Een zaligheid. Veel ervan schrijven
865 313 1469 370 kan ik niet, dat onthoud ik trou-
866 349 1452 402 wens vanzelf wel. Mishandeld
867 385 1461 442 zijn zij niet, wel al de stakers.
867 423 1464 486 Hij vlóóg op al het lekkere eten af en
857 457 1347 513 ging direct naar den kapper.
847 491 1461 537 Thuis kregen en gaven we bloemen
851 528 1472 586 en fruitmanden (oranje sinaasap-
867 565 1474 610 pels hoog uitstekend in het midden,
861 598 1470 637 andere vruchten in rood - wit - bl.
869 634 1146 693 papier verpakt.
865 670 1476 721 Verder nieuws is, dat ik in ieder geval
867 705 1464 763 hier weg wil. Ik moet overal zelf
867 738 1458 798 voor zorgen en betaal nb. ƒ75. p. m.
875 777 1429 832 Zonet was ik op Prinsengr. 1015.
871 809 1470 863 Denderend. Ik had een meisje (vrien-
867 844 1474 900 din van cursist 1e Jaars) opgebeld om
869 880 1418 943 haar kamer eens te mogen zien.
1113 940 1139 952 9
