<?xml version="1.0" encoding="UTF-8" standalone="yes"?>
<PcGts xmlns="http://schema.primaresearch.org/PAGE/gts/pagecontent/2013-07-15" xmlns:xsi="http://www.w3.org/2001/XMLSchema-instance" xsi:schemaLocation="http://schema.primaresearch.org/PAGE/gts/pagecontent/2013-07-15 http://schema.primaresearch.org/PAGE/gts/pagecontent/2013-07-15/pagecontent.xsd">
    <Metadata>
        <Creator>prov=READ-COOP:name=TrHtr:version=2.9.0:model_id=51170:date=25_01_2024_15:53</Creator>
        <Created>2023-12-02T01:28:57.886+01:00</Created>
        <LastChange>2024-04-10T13:50:35.130+02:00</LastChange>
        <TranskribusMetadata docId="1687900" pageId="61988580" pageNr="7" tsid="157817243" status="DONE" userId="145668" imgUrl="https://files.transkribus.eu/Get?id=NXKYSNKTVBGVHTCZPURZLLON&amp;fileType=view" xmlUrl="https://files.transkribus.eu/Get?id=UQZUQKNMBSHRMSIIGDSSBTON" imageId="50105388"/>
    </Metadata>
    <Page imageFilename="0007_urn-gvn-EVDO01-IIAV002_IAV001000041-large_07.jpeg" imageWidth="1500" imageHeight="977">
        <ReadingOrder>
            <OrderedGroup id="ro_1712755214609" caption="Regions reading order">
                <RegionRefIndexed index="0" regionRef="r_45"/>
                <RegionRefIndexed index="1" regionRef="r_9"/>
                <RegionRefIndexed index="2" regionRef="r_54"/>
                <RegionRefIndexed index="3" regionRef="r_27"/>
                <RegionRefIndexed index="4" regionRef="r_18"/>
                <RegionRefIndexed index="5" regionRef="r_36"/>
            </OrderedGroup>
        </ReadingOrder>
        <Relations/>
        <TextRegion id="r_45" custom="readingOrder {index:0;} structure {type:paragraph;}">
            <Coords points="757,112 757,637 135,637 135,70 757,70"/>
            <TextLine id="r_45_tl_1" custom="readingOrder {index:0;}">
                <Coords points="139,113 698,114 699,57 639,81 591,50 549,51 508,83 450,69 392,87 356,66 312,88 237,85 193,48 140,57"/>
                <Baseline points="144,106 174,106 204,106 234,104 264,106 294,106 324,108 354,104 384,104 414,104 444,102 474,102 504,104 534,102 564,104 594,102 624,102 654,102 684,104 700,106"/>
                <TextEquiv>
                    <Unicode>Ze had een denderende kamer</Unicode>
                </TextEquiv>
            </TextLine>
            <TextLine id="r_45_tl_2" custom="readingOrder {index:1;} abbrev {offset:15; length:12;}">
                <Coords points="141,147 700,146 700,114 276,110 175,129 141,115"/>
                <Baseline points="146,142 176,140 206,140 236,140 266,140 296,142 326,140 356,140 386,140 416,142 446,140 476,140 506,140 536,140 566,138 596,138 626,138 656,140 686,140 702,142"/>
                <TextEquiv>
                    <Unicode>onder het dak. centr. verw. en</Unicode>
                </TextEquiv>
            </TextLine>
            <TextLine id="r_45_tl_3" custom="readingOrder {index:2;} abbrev {offset:0; length:3;} blackening {offset:14; length:1;} textStyle {offset:14; length:1;strikethrough:true;} abbrev {offset:22; length:5;}">
                <Coords points="141,175 177,186 362,182 409,197 425,182 460,194 490,178 522,198 537,186 616,185 616,167 534,144 401,154 386,143 354,168 323,146 226,152 208,165 177,143 141,149"/>
                <Baseline points="146,174 176,174 206,176 236,178 266,176 296,176 326,176 356,178 386,178 416,178 446,178 476,174 506,176 536,174 566,174 596,176 618,178"/>
                <TextEquiv>
                    <Unicode>str. water ƒ. @ 52,50. p.m.</Unicode>
                </TextEquiv>
            </TextLine>
            <TextLine id="r_45_tl_4" custom="readingOrder {index:3;}">
                <Coords points="139,227 211,219 239,239 272,216 330,237 357,217 387,235 458,213 713,219 713,187 686,195 662,178 522,199 503,184 489,197 426,182 409,197 347,179 325,191 139,173"/>
                <Baseline points="144,210 174,210 204,212 234,212 264,212 294,210 324,210 354,208 384,208 414,208 444,208 474,208 504,210 534,208 564,208 594,208 624,212 654,212 684,210 714,216"/>
                <TextEquiv>
                    <Unicode>Er zijn ± 28 jongens en meisjes in</Unicode>
                </TextEquiv>
            </TextLine>
            <TextLine id="r_45_tl_5" custom="readingOrder {index:4;}">
                <Coords points="143,263 557,249 608,266 626,249 687,251 687,227 538,214 413,218 388,236 357,217 322,238 286,213 251,238 196,236 177,218 143,229"/>
                <Baseline points="148,246 178,246 208,248 238,248 268,248 298,248 328,244 358,246 388,246 418,246 448,248 478,246 508,244 538,244 568,246 598,246 628,244 658,244 688,248"/>
                <TextEquiv>
                    <Unicode>huis. In minder dan geen</Unicode>
                </TextEquiv>
            </TextLine>
            <TextLine id="r_45_tl_7" custom="readingOrder {index:5;} textStyle {offset:23; length:2;superscript:true;}">
                <Coords points="142,282 172,280 202,280 232,282 262,282 292,282 322,282 352,282 382,284 412,284 442,286 472,284 502,284 532,282 562,286 735,280 735,268 563,274 532,270 502,272 472,272 442,274 412,272 382,272 352,270 322,270 292,270 262,270 232,270 202,268 172,268 141,270"/>
                <Baseline points="142,282 172,280 202,280 232,282 262,282 292,282 322,282 352,282 382,284 412,284 442,286 472,284 502,284 532,282 562,286 735,280"/>
                <TextEquiv>
                    <Unicode>tijd zaten we met z'n 4en. Heel</Unicode>
                </TextEquiv>
            </TextLine>
            <TextLine id="r_45_tl_8" custom="readingOrder {index:6;}">
                <Coords points="139,335 260,319 356,322 389,345 427,321 655,328 690,322 690,291 139,294"/>
                <Baseline points="144,318 174,318 204,318 234,318 264,318 294,318 324,318 354,318 384,318 414,320 444,320 474,318 504,318 534,316 564,316 594,314 624,314 654,314 684,318 692,318"/>
                <TextEquiv>
                    <Unicode>geschikte jongens. Meest stu-</Unicode>
                </TextEquiv>
            </TextLine>
            <TextLine id="r_45_tl_9" custom="readingOrder {index:7;} atm_food {offset:8; length:9;}">
                <Coords points="131,356 154,367 168,353 270,365 366,356 435,370 477,357 545,361 545,330 508,319 457,330 417,322 391,345 363,330 312,341 263,319 221,330 131,326"/>
                <Baseline points="136,352 166,352 196,354 226,354 256,356 286,356 316,354 346,354 376,354 406,354 436,354 466,354 496,352 526,354 546,354"/>
                <TextEquiv>
                    <Unicode>denten. Goed eten etc.</Unicode>
                </TextEquiv>
            </TextLine>
            <TextLine id="r_45_tl_10" custom="readingOrder {index:8;}">
                <Coords points="131,393 273,405 367,394 389,409 404,394 500,392 559,411 578,394 655,391 655,363 531,373 456,360 384,375 352,361 297,384 269,363 170,353 131,369"/>
                <Baseline points="136,386 166,386 196,388 226,388 256,390 286,390 316,390 346,388 376,390 406,390 436,390 466,388 496,386 526,386 556,388 586,386 616,388 646,390 656,392"/>
                <TextEquiv>
                    <Unicode>Ik hoop dat dit doorgaat.</Unicode>
                </TextEquiv>
            </TextLine>
            <TextLine id="r_45_tl_11" custom="readingOrder {index:9;} date {offset:0; length:9;}">
                <Coords points="127,433 656,424 718,442 718,398 692,388 550,411 504,393 127,395"/>
                <Baseline points="132,426 162,424 192,424 222,424 252,424 282,424 312,424 342,424 372,424 402,424 432,424 462,422 492,422 522,422 552,422 582,422 612,422 642,422 672,422 702,424 720,428"/>
                <TextEquiv>
                    <Unicode>'s Avonds om 9.30 uur drinken</Unicode>
                </TextEquiv>
            </TextLine>
            <TextLine id="r_45_tl_12" custom="readingOrder {index:10;} abbrev {offset:3; length:15;} atm_food {offset:19; length:7;}">
                <Coords points="135,466 714,472 714,444 660,425 515,426 491,442 135,434"/>
                <Baseline points="140,458 170,458 200,460 230,460 260,460 290,460 320,460 350,460 380,460 410,460 440,460 470,460 500,460 530,460 560,458 590,456 620,456 650,454 680,456 710,458 716,458"/>
                <TextEquiv>
                    <Unicode>ze gemeenschappel. chocola</Unicode>
                </TextEquiv>
            </TextLine>
            <TextLine id="r_45_tl_13" custom="readingOrder {index:11;}">
                <Coords points="129,497 230,511 347,498 365,514 393,498 555,497 641,518 678,496 678,463 560,460 522,482 455,465 129,467"/>
                <Baseline points="134,496 140,496 170,496 200,494 230,494 260,496 290,494 320,496 350,496 380,496 410,494 440,494 470,494 500,494 530,494 560,490 590,490 620,492 650,492 680,492"/>
                <TextEquiv>
                    <Unicode>in de keuken, daar leer je</Unicode>
                </TextEquiv>
            </TextLine>
            <TextLine id="r_45_tl_14" custom="readingOrder {index:12;}">
                <Coords points="117,537 426,549 549,531 568,546 669,546 698,536 698,495 640,519 555,497 365,513 321,497 230,511 169,499 148,514 117,502"/>
                <Baseline points="122,532 130,532 160,530 190,530 220,530 250,532 280,532 310,534 340,534 370,534 400,532 430,532 460,532 490,528 520,526 550,526 580,526 610,528 640,526 670,526 700,526"/>
                <TextEquiv>
                    <Unicode>elkaar kennen. Verder komt</Unicode>
                </TextEquiv>
            </TextLine>
            <TextLine id="r_45_tl_15" custom="readingOrder {index:13;}">
                <Coords points="133,586 180,567 283,570 304,583 364,565 450,577 485,565 506,578 542,570 542,539 445,536 426,549 402,539 377,553 332,535 295,558 259,539 133,539"/>
                <Baseline points="138,564 168,564 198,562 228,564 258,564 288,566 318,568 348,564 378,564 408,564 438,564 468,560 498,560 528,564 544,566"/>
                <TextEquiv>
                    <Unicode>iedereen bij iedereen.</Unicode>
                </TextEquiv>
            </TextLine>
            <TextLine id="r_45_tl_16" custom="readingOrder {index:14;} date {offset:0; length:8;} person {offset:29; length:6; continued:true;}">
                <Coords points="129,610 266,602 296,627 320,603 650,600 718,618 726,549 682,542 564,582 363,565 304,583 187,567 129,585"/>
                <Baseline points="134,604 158,600 188,598 218,600 248,600 278,602 308,602 338,602 368,602 398,600 428,600 458,598 488,596 518,596 548,596 578,598 608,598 638,596 668,596 698,598 728,600"/>
                <TextEquiv>
                    <Unicode>Zaterdag ga ik eens naar die hospi-</Unicode>
                </TextEquiv>
            </TextLine>
            <TextLine id="r_45_tl_17" custom="readingOrder {index:15;} person {offset:0; length:2; continued:true;}">
                <Coords points="133,641 562,642 562,610 544,602 451,602 432,613 359,603 295,627 273,610 237,620 199,602 133,606"/>
                <Baseline points="138,636 168,634 198,634 228,634 258,634 288,634 318,636 348,636 378,636 408,636 438,634 468,632 498,632 528,632 558,636 564,636"/>
                <TextEquiv>
                    <Unicode>ta toe om te bespreken.</Unicode>
                </TextEquiv>
            </TextLine>
            <TextEquiv>
                <Unicode></Unicode>
            </TextEquiv>
        </TextRegion>
        <TextRegion id="r_9" custom="readingOrder {index:1;} structure {type:heading;}">
            <Coords points="136,691 85,691 42,691 42,633 136,633"/>
            <TextLine id="r_9_tl_1" custom="readingOrder {index:0;} date {offset:0; length:7;}">
                <Coords points="35,674 47,680 55,675 73,682 85,681 90,674 102,674 112,683 133,682 130,609 118,609 110,614 90,610 64,629 55,625 34,625"/>
                <Baseline points="40,666 70,666 100,668 130,668 134,670"/>
                <TextEquiv>
                    <Unicode>25-3-'41.</Unicode>
                </TextEquiv>
            </TextLine>
            <TextEquiv>
                <Unicode></Unicode>
            </TextEquiv>
        </TextRegion>
        <TextRegion id="r_54" custom="readingOrder {index:2;} structure {type:paragraph;}">
            <Coords points="740,925 140,925 140,643 740,643"/>
            <TextLine id="r_54_tl_1" custom="readingOrder {index:0;}">
                <Coords points="149,674 356,673 452,699 497,673 561,691 583,674 684,678 684,643 630,654 345,637 279,652 149,639"/>
                <Baseline points="154,670 184,670 214,668 244,670 274,670 304,670 334,670 364,670 394,670 424,670 454,668 484,668 514,666 544,666 574,666 604,666 634,666 664,668 686,670"/>
                <TextEquiv>
                    <Unicode>Inderdaad ben ik bij haar geweest.</Unicode>
                </TextEquiv>
            </TextLine>
            <TextLine id="r_54_tl_2" custom="readingOrder {index:1;} sic {offset:25; length:6; continued:true;}">
                <Coords points="139,712 704,714 704,686 633,671 563,691 488,678 454,699 362,673 242,694 204,674 139,672"/>
                <Baseline points="144,710 166,706 196,706 226,706 256,704 286,704 316,706 346,704 376,706 406,706 436,706 466,704 496,702 526,702 556,702 586,702 616,702 646,700 676,702 706,702"/>
                <TextEquiv>
                    <Unicode>De kamer leek me niet zo bezon-</Unicode>
                </TextEquiv>
            </TextLine>
            <TextLine id="r_54_tl_3" custom="readingOrder {index:2;} sic {offset:0; length:3; continued:true;}">
                <Coords points="131,752 507,743 619,746 634,760 696,744 697,713 132,718"/>
                <Baseline points="136,742 158,742 188,740 218,740 248,740 278,740 308,740 338,740 368,740 398,740 428,740 458,738 488,738 518,738 548,738 578,740 608,738 638,738 668,736 698,738"/>
                <TextEquiv>
                    <Unicode>der leuk, maar waarschijnlijk is</Unicode>
                </TextEquiv>
            </TextLine>
            <TextLine id="r_54_tl_4" custom="readingOrder {index:3;}">
                <Coords points="135,786 282,794 314,777 365,793 559,775 711,793 730,786 731,746 579,749 553,767 509,743 460,758 136,747"/>
                <Baseline points="140,778 170,778 200,776 230,776 260,776 290,778 320,776 350,776 380,776 410,774 440,774 470,774 500,774 530,776 560,774 590,774 620,774 650,774 680,774 710,776 732,780"/>
                <TextEquiv>
                    <Unicode>die wel beter te maken. Nu bewoont</Unicode>
                </TextEquiv>
            </TextLine>
            <TextLine id="r_54_tl_5" custom="readingOrder {index:4;} person {offset:4; length:19;}">
                <Coords points="136,816 187,818 206,837 244,818 260,834 286,820 351,839 395,816 609,820 627,816 628,783 556,775 500,791 483,781 464,796 394,785 363,797 313,777 294,793 237,797 137,786"/>
                <Baseline points="142,810 172,812 202,814 232,814 262,814 292,816 322,816 352,814 382,814 412,812 442,812 472,810 502,808 532,810 562,808 592,808 622,810 630,812"/>
                <TextEquiv>
                    <Unicode>een jongen (gymnasiast) hem.</Unicode>
                </TextEquiv>
            </TextLine>
            <TextLine id="r_54_tl_6" custom="readingOrder {index:5;} date {offset:33; length:5;}">
                <Coords points="133,857 313,851 336,874 379,858 437,870 482,848 643,858 704,850 705,816 616,828 495,815 470,829 394,815 351,838 285,819 209,837 153,812 134,821"/>
                <Baseline points="138,846 168,844 198,846 228,846 258,848 288,848 318,848 348,848 378,846 408,844 438,844 468,846 498,846 528,844 558,844 588,844 618,844 648,844 678,844 706,848"/>
                <TextEquiv>
                    <Unicode>Zeer waarschijnlijk ga ik er per 1 mei</Unicode>
                </TextEquiv>
            </TextLine>
            <TextLine id="r_54_tl_7" custom="readingOrder {index:6;}">
                <Coords points="129,886 155,881 178,897 213,883 265,897 369,881 478,890 484,853 464,852 439,869 423,861 382,869 362,858 339,874 288,851 258,860 224,852 208,862 154,852 129,863"/>
                <Baseline points="134,882 164,880 194,880 224,880 254,882 284,880 314,880 344,880 374,880 404,880 434,880 464,880 486,882"/>
                <TextEquiv>
                    <Unicode>naar toe. I hope so.</Unicode>
                </TextEquiv>
            </TextLine>
            <TextLine id="r_54_tl_8" custom="readingOrder {index:7;} date {offset:0; length:11;} person {offset:23; length:3;}">
                <Coords points="131,921 220,925 248,945 303,921 510,922 547,937 576,919 625,928 625,883 592,892 561,869 495,898 441,882 399,893 386,880 324,898 131,888"/>
                <Baseline points="136,918 146,916 176,914 206,914 236,914 266,914 296,914 326,912 356,910 386,910 416,912 446,914 476,914 506,914 536,914 566,912 596,910 626,910"/>
                <TextEquiv>
                    <Unicode>Zondagavond ben ik met Fem</Unicode>
                </TextEquiv>
            </TextLine>
            <TextEquiv>
                <Unicode></Unicode>
            </TextEquiv>
        </TextRegion>
        <TextRegion id="r_27" custom="readingOrder {index:3;} structure {type:page-number;}">
            <Coords points="405,959 365,959 365,932 405,932"/>
            <TextLine id="l_984" custom="readingOrder {index:0;}">
                <Coords points="372,955 389,953 388,941 371,943"/>
                <Baseline points="372,955 389,953"/>
                <TextEquiv>
                    <Unicode>10</Unicode>
                </TextEquiv>
            </TextLine>
            <TextEquiv>
                <Unicode></Unicode>
            </TextEquiv>
        </TextRegion>
        <TextRegion id="r_18" custom="readingOrder {index:4;} structure {type:paragraph;}">
            <Coords points="1473,925 867,925 867,68 1473,68"/>
            <TextLine id="r_18_tl_1" custom="readingOrder {index:0;} abbrev {offset:23; length:4;}">
                <Coords points="873,113 1462,111 1462,82 1408,85 1353,48 1295,85 1276,67 873,71"/>
                <Baseline points="878,98 908,102 938,104 968,104 999,106 1029,104 1059,104 1089,104 1119,100 1149,98 1179,98 1209,98 1239,102 1269,102 1299,100 1329,100 1359,102 1389,100 1419,100 1449,104 1463,106"/>
                <TextEquiv>
                    <Unicode>voor het eerst naar de Math. Passion</Unicode>
                </TextEquiv>
            </TextLine>
            <TextLine id="r_18_tl_2" custom="readingOrder {index:1;} person {offset:32; length:3;}">
                <Coords points="861,153 1116,142 1135,158 1296,141 1352,156 1419,141 1465,154 1465,123 1437,103 1387,122 1286,103 1166,122 1132,106 861,117"/>
                <Baseline points="866,140 896,140 926,138 956,138 987,140 1017,140 1047,138 1077,138 1107,138 1137,138 1167,138 1197,138 1227,138 1257,140 1287,140 1317,138 1347,138 1377,138 1407,140 1437,136 1467,142"/>
                <TextEquiv>
                    <Unicode>geweest. Prachtig. Na de Pauze; Fem</Unicode>
                </TextEquiv>
            </TextLine>
            <TextLine id="r_18_tl_3" custom="readingOrder {index:2;} person {offset:22; length:6;}">
                <Coords points="867,186 1413,186 1431,176 1431,146 1135,158 1120,143 1101,157 961,143 867,168"/>
                <Baseline points="872,176 892,174 922,174 952,174 983,174 1013,174 1043,176 1073,174 1103,174 1133,174 1163,174 1193,174 1223,174 1253,174 1283,174 1313,174 1343,172 1373,174 1403,174 1433,174"/>
                <TextEquiv>
                    <Unicode>was toen naar huis om Judith te</Unicode>
                </TextEquiv>
            </TextLine>
            <TextLine id="r_18_tl_4" custom="readingOrder {index:3;} person {offset:13; length:3;}">
                <Coords points="865,217 1440,226 1464,216 1464,188 1117,178 1090,195 1015,176 995,194 865,190"/>
                <Baseline points="870,212 894,210 924,210 954,210 985,212 1015,212 1045,210 1075,212 1105,214 1135,210 1165,212 1195,212 1225,210 1255,210 1285,206 1315,206 1345,210 1375,210 1405,208 1435,208 1465,206"/>
                <TextEquiv>
                    <Unicode>voeden, kwam Wim met een parti-</Unicode>
                </TextEquiv>
            </TextLine>
            <TextLine id="r_18_tl_5" custom="readingOrder {index:4;}">
                <Coords points="867,253 964,249 1003,274 1060,248 1187,250 1219,271 1253,249 1471,257 1471,219 1352,231 1334,214 1312,228 1208,216 1170,237 1106,216 867,219"/>
                <Baseline points="872,242 902,244 932,246 962,246 993,246 1023,246 1053,246 1083,244 1113,244 1143,244 1173,246 1203,246 1233,246 1263,244 1293,244 1323,244 1353,244 1383,244 1413,248 1443,246 1473,246 1475,244"/>
                <TextEquiv>
                    <Unicode>ture bij me zitten. Erg prettig te volgen wat</Unicode>
                </TextEquiv>
            </TextLine>
            <TextLine id="r_18_tl_6" custom="readingOrder {index:5;}">
                <Coords points="863,290 1433,286 1433,258 1373,250 1309,247 1290,264 1255,249 1219,271 1186,251 1058,249 1010,276 977,251 863,250"/>
                <Baseline points="868,282 894,282 924,282 954,282 985,282 1015,282 1045,282 1075,280 1105,280 1135,280 1165,280 1195,282 1225,280 1255,278 1285,278 1315,278 1345,280 1375,280 1405,280 1435,280"/>
                <TextEquiv>
                    <Unicode>ze spelen. Het allerlaatste heb ik zo</Unicode>
                </TextEquiv>
            </TextLine>
            <TextLine id="r_18_tl_7" custom="readingOrder {index:6;}">
                <Coords points="872,339 930,320 1236,334 1309,317 1459,323 1444,282 1308,298 1272,284 1225,301 1093,284 1067,300 873,292"/>
                <Baseline points="878,316 890,314 920,314 950,316 981,316 1011,316 1041,316 1071,316 1101,316 1131,314 1161,316 1191,316 1221,318 1251,316 1281,314 1311,314 1341,314 1371,314 1401,312 1431,312 1461,314"/>
                <TextEquiv>
                    <Unicode>goed als niet meer gehoord. Het was</Unicode>
                </TextEquiv>
            </TextLine>
            <TextLine id="r_18_tl_8" custom="readingOrder {index:7;}">
                <Coords points="875,355 1294,354 1342,370 1380,353 1438,370 1459,364 1460,331 876,330"/>
                <Baseline points="880,350 910,352 940,352 970,352 1001,352 1031,352 1061,350 1091,352 1121,352 1151,352 1181,350 1211,350 1241,350 1271,350 1301,348 1331,348 1361,348 1391,348 1421,348 1451,350 1461,350"/>
                <TextEquiv>
                    <Unicode>veel te veel en te zwaar. Volgend jaar</Unicode>
                </TextEquiv>
            </TextLine>
            <TextLine id="r_18_tl_9" custom="readingOrder {index:8;}">
                <Coords points="863,392 902,390 933,408 956,392 1030,400 1071,392 1108,406 1137,389 1182,394 1182,378 1152,360 1087,363 1075,354 986,369 968,359 927,372 879,354 863,361"/>
                <Baseline points="868,384 898,386 928,388 958,388 989,388 1019,386 1049,386 1079,390 1109,390 1139,388 1169,388 1183,388"/>
                <TextEquiv>
                    <Unicode>hoop ik weer te gaan.</Unicode>
                </TextEquiv>
            </TextLine>
            <TextLine id="r_18_tl_10" custom="readingOrder {index:9;}">
                <Coords points="873,421 989,426 1009,446 1046,425 1090,449 1166,423 1457,434 1457,403 1351,388 1302,402 1139,389 1080,407 956,392 930,409 873,391"/>
                <Baseline points="878,418 908,418 938,420 968,420 999,420 1029,422 1059,422 1089,424 1119,422 1149,422 1179,422 1209,422 1239,420 1269,422 1299,422 1329,420 1359,420 1389,420 1419,424 1449,424 1459,424"/>
                <TextEquiv>
                    <Unicode>Vandaag en gisteren heb ik in kwijnen in</Unicode>
                </TextEquiv>
            </TextLine>
            <TextLine id="r_18_tl_11" custom="readingOrder {index:10;}">
                <Coords points="862,461 889,460 919,487 956,466 1003,488 1032,464 1282,458 1339,475 1378,458 1407,481 1443,466 1444,436 1299,422 1269,442 1252,426 1166,423 1084,450 863,427"/>
                <Baseline points="868,454 898,456 928,458 958,460 989,462 1019,460 1049,460 1079,460 1109,458 1139,456 1169,456 1199,456 1229,456 1259,456 1289,456 1319,456 1349,456 1379,456 1409,458 1439,460 1445,460"/>
                <TextEquiv>
                    <Unicode>bed gelegen met buik- en hoofdpijn.</Unicode>
                </TextEquiv>
            </TextLine>
            <TextLine id="r_18_tl_12" custom="readingOrder {index:11;} abbrev {offset:16; length:2;}">
                <Coords points="860,511 1465,498 1465,467 1404,479 1379,459 1349,475 1283,458 1229,474 1036,468 1002,490 957,468 920,487 889,460 861,462"/>
                <Baseline points="866,498 896,498 926,496 956,498 987,496 1017,496 1047,496 1077,494 1107,494 1137,494 1167,494 1197,492 1227,492 1257,490 1287,490 1317,490 1347,492 1377,492 1407,492 1437,494 1467,494"/>
                <TextEquiv>
                    <Unicode>Gisteren heb ik nb. nog 5 kwartier voor</Unicode>
                </TextEquiv>
            </TextLine>
            <TextLine id="r_18_tl_13" custom="readingOrder {index:12;}">
                <Coords points="857,538 1098,530 1131,557 1206,530 1452,539 1461,499 857,510"/>
                <Baseline points="862,530 892,528 922,528 952,530 983,528 1013,528 1043,528 1073,528 1103,528 1133,528 1163,528 1193,526 1223,526 1253,526 1283,526 1313,524 1343,526 1373,528 1403,526 1433,528 1463,530"/>
                <TextEquiv>
                    <Unicode>niets in de rij op het distributie-</Unicode>
                </TextEquiv>
            </TextLine>
            <TextLine id="r_18_tl_14" custom="readingOrder {index:13;}">
                <Coords points="867,569 993,570 1010,587 1081,567 1381,564 1403,579 1429,564 1467,578 1467,538 1435,532 1382,550 1340,529 1163,538 1131,557 1094,535 917,548 867,533"/>
                <Baseline points="872,562 902,566 932,566 962,566 993,566 1023,566 1053,564 1083,564 1113,564 1143,562 1173,562 1203,560 1233,560 1263,562 1293,562 1323,562 1353,562 1383,562 1413,562 1443,562 1469,568"/>
                <TextEquiv>
                    <Unicode>kantoor gestaan voor één binnen– en</Unicode>
                </TextEquiv>
            </TextLine>
            <TextLine id="r_18_tl_15" custom="readingOrder {index:14;}">
                <Coords points="863,602 1330,600 1359,623 1382,602 1448,610 1449,580 1382,565 1296,581 1044,569 1017,587 956,568 928,591 889,569 863,579"/>
                <Baseline points="868,596 898,598 928,600 958,598 989,598 1019,598 1049,598 1079,600 1109,598 1139,598 1169,598 1199,596 1229,596 1259,596 1289,596 1319,596 1349,596 1379,596 1409,596 1439,598 1451,600"/>
                <TextEquiv>
                    <Unicode>één buitenband voor m'n fiets.</Unicode>
                </TextEquiv>
            </TextLine>
            <TextLine id="r_18_tl_16" custom="readingOrder {index:15;}">
                <Coords points="861,642 1231,650 1396,635 1431,660 1477,635 1477,609 1413,599 1360,622 1288,601 1183,616 1130,599 1094,614 861,602"/>
                <Baseline points="866,630 896,628 926,630 956,632 987,632 1017,632 1047,632 1077,632 1107,632 1137,632 1167,632 1197,632 1227,632 1257,632 1287,634 1317,632 1347,632 1377,630 1407,630 1437,630 1467,630 1479,634"/>
                <TextEquiv>
                    <Unicode>Daar ik m'n stamkaart niet bij me</Unicode>
                </TextEquiv>
            </TextLine>
            <TextLine id="r_18_tl_17" custom="readingOrder {index:16;} person {offset:13; length:3;}">
                <Coords points="859,674 1453,681 1453,648 1424,660 1394,634 1301,658 1270,642 859,642"/>
                <Baseline points="864,666 894,666 924,666 954,668 985,668 1015,668 1045,668 1075,670 1105,670 1135,670 1165,670 1195,668 1225,668 1255,668 1285,668 1315,666 1345,668 1375,668 1405,666 1435,666 1455,668"/>
                <TextEquiv>
                    <Unicode>had, die had Wim voor m'n joden-</Unicode>
                </TextEquiv>
            </TextLine>
            <TextLine id="r_18_tl_18" custom="readingOrder {index:17;}">
                <Coords points="857,733 911,706 1159,723 1383,703 1463,721 1463,691 1412,674 1190,685 1160,672 1144,688 857,674"/>
                <Baseline points="862,702 892,702 922,702 952,702 983,704 1013,704 1043,702 1073,704 1103,706 1133,708 1163,706 1193,704 1223,702 1253,702 1283,702 1313,702 1343,702 1373,702 1403,702 1433,704 1463,706 1465,706"/>
                <TextEquiv>
                    <Unicode>formulier nodig (daar zorgde hij voor)</Unicode>
                </TextEquiv>
            </TextLine>
            <TextLine id="r_18_tl_19" custom="readingOrder {index:18;} abbrev {offset:8; length:4;}">
                <Coords points="867,745 900,768 927,746 975,761 1051,742 1238,754 1286,741 1329,757 1361,740 1469,745 1469,721 1401,710 1374,732 1339,707 1161,724 1034,707 937,726 911,706 867,734"/>
                <Baseline points="872,740 900,740 930,740 960,742 991,742 1021,742 1051,740 1081,742 1111,742 1141,740 1171,740 1201,740 1231,740 1261,740 1291,738 1321,738 1351,738 1381,738 1411,738 1441,738 1471,738"/>
                <TextEquiv>
                    <Unicode>à ƒ 1 - p.p. in te leveren) moet ik mor-</Unicode>
                </TextEquiv>
            </TextLine>
            <TextLine id="r_18_tl_20" custom="readingOrder {index:19;}">
                <Coords points="866,802 950,778 1003,798 1023,780 1125,781 1149,804 1189,777 1466,786 1466,762 1392,738 1335,756 1271,742 1079,761 1022,749 903,769 867,746"/>
                <Baseline points="872,776 902,776 932,776 962,776 993,778 1023,778 1053,776 1083,776 1113,776 1143,776 1173,774 1203,774 1233,772 1263,772 1293,772 1323,772 1353,772 1383,772 1413,774 1443,774 1467,778"/>
                <TextEquiv>
                    <Unicode>gen nog eens er naar toe. Te hopen</Unicode>
                </TextEquiv>
            </TextLine>
            <TextLine id="r_18_tl_21" custom="readingOrder {index:20;}">
                <Coords points="875,823 901,812 953,822 1088,825 1102,817 1112,826 1135,816 1146,826 1165,820 1192,839 1225,831 1226,786 1211,791 1194,778 1150,804 1124,785 1114,793 1050,780 1004,799 983,785 967,794 901,781 876,788"/>
                <Baseline points="880,810 910,810 940,810 970,812 1001,810 1031,810 1061,810 1091,810 1121,810 1151,810 1181,808 1211,808 1227,810"/>
                <TextEquiv>
                    <Unicode>dat ik het klaar krijg.</Unicode>
                </TextEquiv>
            </TextLine>
            <TextLine id="r_18_tl_22" custom="readingOrder {index:21;}">
                <Coords points="868,848 1150,846 1212,863 1249,850 1271,868 1304,849 1419,858 1418,836 1381,812 1334,826 1248,815 1195,840 1137,818 1089,834 901,813 867,831"/>
                <Baseline points="872,840 902,840 932,840 962,840 993,842 1023,842 1053,844 1083,846 1113,844 1143,846 1173,846 1203,846 1233,846 1263,846 1293,846 1323,844 1353,842 1383,844 1413,848 1421,848"/>
                <TextEquiv>
                    <Unicode>Ik zal eens een lijst opmaken</Unicode>
                </TextEquiv>
            </TextLine>
            <TextLine id="r_18_tl_23" custom="readingOrder {index:22;} atm_food {offset:21; length:3;}">
                <Coords points="867,882 964,898 1013,882 1089,882 1111,897 1162,881 1179,898 1213,883 1241,899 1262,881 1319,881 1379,901 1379,860 1353,849 1271,869 1207,847 1072,861 989,849 935,865 867,848"/>
                <Baseline points="872,878 902,878 932,880 962,880 993,878 1023,880 1053,880 1083,880 1113,878 1143,878 1173,878 1203,878 1233,878 1263,878 1293,876 1323,876 1353,878 1381,880"/>
                <TextEquiv>
                    <Unicode>van alles, dat op de bon is.</Unicode>
                </TextEquiv>
            </TextLine>
            <TextLine id="r_18_tl_24" custom="readingOrder {index:23;} atm_food {offset:0; length:6;}">
                <Coords points="869,918 918,942 961,921 1413,923 1400,883 1325,898 1262,880 1246,895 1180,898 1025,883 965,898 869,882"/>
                <Baseline points="874,912 904,914 934,916 964,916 995,914 1025,916 1055,914 1085,914 1115,914 1145,914 1175,912 1205,912 1235,910 1265,912 1295,914 1325,914 1355,914 1385,914 1415,916"/>
                <TextEquiv>
                    <Unicode>koffie is helemaal niet meer te</Unicode>
                </TextEquiv>
            </TextLine>
            <TextEquiv>
                <Unicode></Unicode>
            </TextEquiv>
        </TextRegion>
        <TextRegion id="r_36" custom="readingOrder {index:5;} structure {type:page-number;}">
            <Coords points="1160,960 1127,960 1127,925 1160,925"/>
            <TextLine id="l_989" custom="readingOrder {index:0;}">
                <Coords points="1135,954 1153,951 1151,939 1133,942"/>
                <Baseline points="1135,954 1153,951"/>
                <TextEquiv>
                    <Unicode>11</Unicode>
                </TextEquiv>
            </TextLine>
            <TextEquiv>
                <Unicode></Unicode>
            </TextEquiv>
        </TextRegion>
    </Page>
</PcGts>
