3036 2381
139 65 1256 232 20 Nov. Groningen Mittwoch 1929.
139 172 1376 292 Ich war 4 Tage in A'dam. - Sonderbar
139 251 1379 387 wie viel dort los ist. Gehöre ich
158 330 690 432 dort noch hin?
119 358 1459 542 Freitag 15. Nov. Früh um 8 Uhr fuhren
112 471 1331 600 wir mit Bhs. Forderen los. Bhs.
119 552 1495 705 fuhren zu Freunden nach Hilversum,
124 630 1216 736 setzten mich in Utrecht ab.
146 679 1490 805 Schöne Fahrt. Rotgelbe Herbstbäu-
129 774 1359 910 me, recht kühl oft grau. In
126 827 1488 979 Hotel Ittmann Nunspeet eine Tasse
134 917 1354 1039 kaffee getrunken. Um 2 Uhr
122 991 1502 1120 war ich bei Frau Wolff. Ich quatschte
122 1075 1455 1213 mit ihr bis 4 Uhr, dann kamen
129 1154 1400 1290 die Kinder. Viel Neues hatte ich
122 1254 1323 1362 ihr nicht zu erzahlen ich war
122 1309 1472 1431 hundesmüde; sie war goldig wie
146 1395 1493 1576 immer, aber müde vom Einzug.
138 1488 1436 1613 Um 5 Uhr fuhr ich nach Hause!
151 1541 1483 1698 Dort war es druk laut wie immer
158 1615 1483 1787 Mutti unverändert. Abendbrot
146 1692 1386 1811 gegessen. Um 8 Uhr ging ich ins
141 1773 1459 1913 Disput das zufällig tagte. Sah alle
136 1859 1340 1981 meine Jahrgänge wieder. Coby
150 1935 1385 2045 Hoogland, die schon meester seit 1 ½
146 1997 1398 2128 Jahren ist sprach über Eherecht
167 2115 1394 2179 Es war ganz nett, alle waren
162 2207 1397 2265 voller Interesse für mich ich
1672 58 2972 193 fühlte mich aber recht einsam.
1667 150 2922 253 Besonders beim Auf wiedersehen
1670 206 2921 330 sagen u. nach Hause gehen merkt.
1660 275 2274 373 man das. So
1670 306 2426 404 Sonnabend. 16. Nov.
2426 299 2950 439 Lange geschlafen
1655 401 2852 501 War um 1/2 11 mit Mutti bei
1649 471 2876 569 Fr. Müller. Herrliche Sammlung
1634 526 2881 652 alter Miniaturen, Handschriften
1627 593 2866 714 mit Initialen. Ein Geschmack
1619 673 2958 788 u. eine "Feinkünst " in Verzierung
1596 724 2952 900 und Farben, ungeheuer verehrungs-
1619 795 2802 896 würdig. Ferner gute Bilder,
1631 857 2866 968 reizendes Meisener Porzellan,
1608 941 2874 1037 und schone Möbel. Ich hatten
1629 1001 2817 1092 Glück! Nachmittags blieb ich
1625 1063 2843 1175 oben bei Peter = es war graues
1632 1132 2869 1245 Wetter. Peter büffelte für sein
1629 1206 2855 1316 Tentamen, das er Montag be-
1634 1266 2927 1388 standen hat. Die kleinen sind
1601 1335 2898 1431 reizend. Lilo goldig aber ein
1610 1398 2838 1498 bischen mickrig. Vati sah ich
1608 1471 2926 1577 nur zu den Mahlzeiten. Nach-
1620 1527 2902 1662 tisch zogen wir alle ins Kino
1620 1598 2946 1717 Heinz auch mit Vati, Peter auch
1617 1687 2960 1803 wo wir Osses  trafen. (Harry Liedt.
1636 1744 2640 1858 ke). Gemütlicher Abend.
1610 1808 2493 1909 Sonntag. 17. Nov. 1929.
2493 1809 2926 1926 Lang geschla-
1613 1877 2850 1987 fen. - Nachtisch waren Mutti u.
1622 1944 2843 2069 ich (mit Dr. Osterreicher) auch
1603 2000 2958 2133 im Konzert. Pelleas u. Melisande
1605 2067 2871 2214 von Materlinck - Debussy mit
1608 2135 2927 2276 Berthe Seroen, Charles Beuzéra
