3040 2380
197 75 1409 184 Es ist ein herrliches Werk. Man
157 119 1494 267 lebt mit in dieser schwermütigen
153 209 1439 322 Märchenhaften umgebung, mit
155 299 1405 376 den Menschen die jeder ein un-
163 349 1427 481 bekannter Schicksal schleppen,
143 427 1470 553 und sich gegenseitig liebend quälen.
170 500 1431 646 Es ahnelt in vielen dem Tristan,
167 580 1315 679 die Musik wie der Text sind
175 643 1397 737 nur migstischer weniger
175 699 1412 803 erotisch. Melisande hat etwas
168 776 1448 876 von einem Natur wesen, etwas
171 879 1501 985 Elbisches, Syrenenhaftes und unwissend
110 948 1389 1042 spielerisch kindliches. Erst im Tode versteht
504 1007 1315 1046 und begreift sie die
185 1061 1345 1100 Menschen um sich her. - Goland
138 1072 1506 1211 ist der fordernde robuste egocentrische
162 1160 1412 1259 männlich herrische Mann (angreiflich
162 1199 1400 1310 und treibend) aber nicht böse oder
163 1261 1463 1404 schlecht, durch seine Leidenschaftlich-
153 1330 1383 1453 keit der die zarte Frau verletzend.)
167 1393 1352 1523 Arkel, der weise alte Greis sein
175 1475 1409 1587 Vater versteht die Frau und sagt
165 1541 1487 1686 zu ihm. "tu ne sais pas ce que c'est
174 1648 1425 1711 l’âme. C’est une chose très timide et
175 1691 1412 1803 silencieuse, qui préfère de sous
182 1768 1412 1871 s’en aller seule. - Mais vous aber
184 1820 1388 1939 du kannst nichts dafür." - Goland
177 1890 1409 1994 leidet auch und bereut auch bitter-
180 1953 1409 2065 lich. Was kommt es daran an ob
189 2042 1431 2149 die beiden schuldig sind, coupable
208 2138 1474 2190 d'une amoure défendue? er dringt
197 2206 1458 2267 in die sterbende Frau un fordert
204 2222 612 2327 la vérite.
1671 80 2960 182 Das ist die männliche  Verbohrtheit
1637 146 2911 260 und Zudringlichkeit die verletzt.
1643 206 2974 325 Peléas ist der zarte scheue so kuisere
1649 270 2855 361 Liebhaber, der kaum wagt der
1633 333 2822 446 Frau die Liebe angestehen
1633 398 2969 539 und auch vom etwas Unbekannten
1649 476 2637 565 Schicksal verfolgt wird.
1637 532 2880 626 Herrlich ist die Szene von dem
1637 607 2865 689 Abend am Meer - Dunkelheit
1696 645 2924 779 - Nebel - abfahrende Segel schiffe -
1628 726 2858 810 einzelne Leuchttürme und
1625 772 2921 880 die drei melancholischen so zart
1608 859 2906 942 empfindenden Menschen Geni-
1631 960 2821 1019 verde, die ältere versterehende
1616 977 2780 1091 Frau, Peléas Mutter, Peléas,
1637 1039 2865 1145 der dumpf die Stimmung er-
1638 1102 2761 1204 füllt u. Melisande, die in
1643 1143 2904 1266 angstliches Betrachtung steht, die
1630 1221 2810 1346 mit Blumen in den Händen.
1684 1271 2962 1402 Das elbische Lied von Melusande,
1609 1368 2936 1483 sie ist eine dielusine, & die Seroen
1633 1427 2941 1548 sang das unglaublich, so syrenen-
1630 1494 2938 1614 haft lockend u. unmenschlich crea-
1605 1610 2939 1703 türisch wie ein Instrument eine Clarinette
1938 1667 2925 1702 in der Nacht- und dann
1601 1703 2957 1800 kommt Peleas zu ihren Tür zu und
1606 1752 2846 1834 sie beugt sich zu ihm herab wie
1611 1817 2938 1936 Rapunzel und ihre langen goldnen
1597 1885 2862 1984 Haare hullen ihn ein, wie ein
1594 1955 2953 2077 schleier und er lasst sie nicht mehr
1604 2021 2924 2161 los so dass sie nicht mehr zurück kann
1613 2084 2838 2225 sie fühlt seine Küsse auf ihrem
1625 2150 2936 2261 Haar, er hat die Haare zwischen den
1633 2230 2887 2343 Händen, im Munde, er schlingt sie
