3050 2370
225 56 1464 191 um die Bäume die neben ihm
184 146 1401 247 stehen; die Tauben aus dem Turm
175 216 1427 298 wachen erschreckt auf und irren in
180 266 1456 366 der Nachtdunkelheit herum - Meli-
191 329 1496 451 sande ist seine Gefangene, da kommt
199 407 1425 512 Goland und überrascht die beiden.
192 477 1389 599 Vous êtes comme des enfants, er
215 521 1498 640 ist eimpört. - Die Szene von Goland
191 572 1456 712 und der kleine Yniold sein Sohn,
187 627 1399 771 unter dem Turme, wo Melisande,
202 740 1471 866 wo er die Treulosigkeit der Beiden glaubt zu
213 814 1471 904 entdecken. Eifersucht, Empörung.
229 882 1390 960 Sogar auf dem kleine Yniold liegt
197 901 1495 1052 schon der Ernst u. die Schwermut
197 994 1461 1091 des Hauses. — Die Grotten zeunen.
187 1047 1476 1178 Ob Goland den Bruder hinabstür-
184 1108 1398 1214 zen will. Ob es Zufall, oder das
199 1183 1481 1297 Verhängnis ist waltet, die Dunkel-
186 1267 1483 1389 heit, das Unheil, die über Schloss und
189 1314 1442 1423 Menschen liegt, das nie der Sonne
192 1384 1469 1498 strahl erreicht und wo das Meer
187 1461 1493 1583 nur wie ein metallner Spiegel, nur
184 1525 1342 1646 einen Abglanz vom Licht, die Kunst
187 1597 1447 1728 düstere Landschaft - dunkle Walder
199 1658 1321 1752 und Baumgruppen - einrahmt.
216 1723 1408 1811 Dann die Liebesszene Mélisande u.
216 1767 1350 1866 Peleas am Brunnen in der Nacht
204 1823 1326 1927 die ist herrlich gehalten so keusch
184 1885 1428 1992 und rein und voller verhaltner
187 1948 1357 2067 Wärme, Goland überrascht die
189 2014 1418 2137 beiden und erstahligt Pelléas
204 2092 1420 2184 höchst dramatisch. - Und jenes
189 2159 1476 2292 traurige Ausklingen, nie sentimen-
1641 61 2894 186 tal wie bei ekairunis Tod, Melisandes
1626 158 2858 255 sterben, sie stirbt als Mutter, aber
1626 225 2921 332 kann ihre kleine kaum geborene
1634 306 2813 392 Tochter, die nun ihr zaghaftes
1655 320 2986 458 Erdenleben beginnt, nicht mehr selbst
1614 419 2899 506 im Arm halten. Arkel der Greis ist
1617 497 2947 587 wie ein Tristan des einzig verstehen-
1631 543 2700 664 de und verzeihend Gesinnte.
1670 621 2901 730 Es wurde so herrlich gesungen u.
1612 679 2923 773 die Musik war auch so schön dass
1622 747 2923 850 Mutti Peter u. ich Montag abend
1604 827 2852 919 es noch einmal hörten, mit
1604 863 2881 977 noch höherem Genuss, da wir
1605 931 2918 1035 es schon einmal kannten. Aber
1611 999 2976 1142 ich habe noch nie so mitgelebt, ohne
1616 1067 2962 1204 einmal abzuschweifen. — Wir nahmen
1622 1142 2836 1231 Freud und Osterreicher noch nach
1617 1183 2870 1296 Hause mit u. tranken Tee. Es war
1616 1262 2930 1352 recht gemütlich bei Vati oben beim
1605 1321 2930 1434 Holz feuer, Tante Mieke war auch da.
1622 1394 2932 1503 Abends nach dem Essen war ich bei
1629 1457 2744 1556 Ida Struick-Dalm zu Besuch. -
1626 1503 2959 1646 Montag früh das ich in der Bibliotheek
1633 1594 2785 1677 Nach Tisch war ich mit Ida im
1636 1653 2884 1728 Singing Fool. (ein noch recht un-
1641 1702 2978 1822 vollkommener Amerikanischer Sprech.
1634 1788 2833 1864 u. Singfilm, es ist noch sehr.
1634 1837 2964 1966 anstrengend.) Abends im Conzert.
1617 1897 2884 1990 Prof. Wolff war zum Essen da
1665 1961 2642 2058 Vati hatte Referierabend.-
1653 2033 2036 2126 Dienstag:
2036 2012 2939 2147 Vormittags in der Biblio-
1658 2097 2930 2198 thäk. Nachtisch bei Vati, der im Labora-
1643 2160 2961 2297 torium einen Vortrag über Menformon
