3050 2370
204 56 1483 219 von 2 Stunden vor A'dammer Artzten
202 145 1258 261 hielt und vorzüglich sprach.
199 205 1472 323 Dann sahen wir Dr. Freuds Hühner-
212 280 1455 401 park, abends war ich mit Mutti
194 343 1502 480 Freud, Osterreicher im Musiklyceum
190 446 1438 520 wo Panzéra noch einen recht
170 478 1460 589 guten Liederabend gab. Mittwoch
192 547 1470 650 fruh einen Kater als ich Wetzlars
189 613 1490 744 telephonisch aufwiedersehen sagte
205 680 1467 776 da ich absolut, vergessen hatte sie
182 751 1477 850 zu besuchen. Sie waren mit vollem
146 813 1495 929 Recht böse, so was wird mir nie
155 882 1416 1000 wieder passieren. Um 19 fuhr ich
155 951 1507 1054 nach Groningen, wo Frau B. mich
162 1010 1493 1145 netter Weise holte. Einsam blei-
162 1074 434 1195 be ich.
