3067 2372
1753 402 2153 513 15 Nov. 1938.
1730 452 2903 610 Peter u. Lily werden nach Amerika
1646 567 2938 668 gehen, Peter soll dort in Organon
1651 635 2986 728 Roche eintreten als Board mitglied
1660 701 2971 790 mit entsprechendem Gehalt. Sein
1650 783 2889 863 hieruber kommen, wird nicht so
1675 816 2918 925 einfach sein da er auf Deutsche
1663 885 2938 971 Ouote kommt die für 3 Jahre
1655 938 2989 1043 voll ist also muss er als Tourist
1655 1023 2836 1088 gehen oder berufen werden.
1656 1081 2854 1151 Wir haben Nachricht dass wir
1650 1141 2986 1230 nicht vor Juli 1939 hinkommen
1675 1186 2989 1288 können was bis dahin passieren
1670 1246 2909 1350 mag. Wir haben heute Joseph.
1668 1347 2611 1380 M. Schenk geschrieben.
1720 1373 2836 1442 Ich habe Felix heute abend nach
1700 1421 2843 1521 R'dam auf's Schiff gebracht
1693 1476 2886 1593 Wahrscheinlich liegt das Schiff
1686 1551 2873 1656 wegen des Nebels noch die
1705 1618 2946 1740 ganze Nacht am Quai. Felix
1690 1698 2908 1785 fährt nach England um sich
1691 1753 2946 1860 mit Hilfe Dales Vermittlung
1691 1818 2954 1920 noch einmal dort umsehen
1678 1898 2901 2039 ob eine Niederlassung möglich
1670 1978 1830 2094 ist.
