3067 2372
160 71 1350 188 Ich war am 10. Nov zum Donnerstag
157 176 1381 262 abend Concertgebouw in A'dam
145 220 1337 319 Mutti kam grade aus Berlin wo
155 270 1375 393 sie Grossmutti mit Peter u. Lili
122 353 1304 446 ein Auto besucht hatte. Sie
145 417 1292 529 kam ganz "upset" und voll
145 479 1325 579 Entsetzen nach Hause. Alle
143 548 1383 670 leben dort in Todesangst. 2 Tage
145 617 1452 715 spater waren in ganz Deutschl.
155 686 1445 784 die unmmenschlichsten Pogrome.
145 754 1414 841 Das Elend der armen Menschen
152 811 1430 913 ist für uns unfassbar und
160 873 1378 985 wir leben weiter den ruhigen
157 940 1387 1030 Alltag mit unseren kleinen
157 999 1406 1106 sorgen. Wir dürfen so leben!
164 1059 1273 1151 Und helfen nicht. Nur
167 1109 1464 1218 Vati hilft von uns. Wir andern
164 1213 1412 1313 klagen nur. Alle Zeitungen
155 1285 1344 1356 drücken ihren Abscheu aus
167 1352 1425 1433 aber von keiner Regierung eine
158 1402 1437 1509 Demarche. Nirgends bekommt
157 1471 1411 1566 diese eignisch gemeine heuch-
157 1533 1333 1633 lerische Regierung die kalte
167 1583 1428 1690 Schulter gezeigt. Alle bemühen
152 1654 1469 1764 sich weiter um gute Beziehungen
162 1724 1404 1831 und wenn irgendwo in Azien
167 1781 1428 1890 5 Leute erschossen werden dann
171 1864 1473 1958 stellen sich die Länder auf die
169 1914 1404 2031 Hinterbeine. Tiere dürfen nicht
167 1969 1505 2086 gequält und gejagt werden die Juden
176 2041 1471 2163 wohl. Im Konzertgebouw die Menschen,
169 2114 1376 2224 die ich sprach, hatten den bekümmerten
160 2177 1425 2279 Ausdruck wie wir ihn in Karlsbad hatten
172 2231 1283 2334 nach Oestreichs Fall, "aufgeschreckt!"
1662 81 2939 172 Maria sollte gestern van der Schoko-
1638 141 2992 253 lade etwas abgeben sie brach 1 Stückel
1643 198 2889 320 für mich ab eins für Pusi und
1631 262 2947 400 das letzte steckte sie in den Mund
1628 338 2877 472 so dass Teta nichts mehr bekam
1631 377 2975 536 ich sagte "und die Teta?" Da nahm
1624 474 2930 596 sie das Stuckel aus dem Mund
1640 544 2970 665 und reichte es Teta; wir wachten
1623 627 2904 744 erschreckte abweisende Mienen:
1624 691 2820 811 "ich habe es nur gekostet"
1619 722 2883 884 sagte sie entschuldigend. Teta
1633 799 2951 930 brachte alle drei her auf zu Frau
1647 872 2840 1009 Brandow, die ich besuchte, sie
1647 927 2906 1066 waren alle drei reizend. Beate
1650 999 2939 1130 war ein bissel schuchtern und
1647 1078 2920 1199 antwortete nicht gleich auf die
1650 1132 2961 1256 Fragen der Dame, Teta sagte: zu
1628 1171 2987 1325 Hause hält sie nicht so den Mund
1645 1264 2944 1407 die Dame meinte: zij verstaat
1654 1333 2992 1481 mij niet: Beate drauf mit lauten
1645 1461 2964 1508 Kinderstimme: "O ik versta
1633 1473 2959 1607 u wel" und von da aber war
1633 1557 2505 1645 sie wie losgelassen.
1650 1564 2920 1704 Helli heute beim Closett ziehen :
1643 1669 2916 1805 auf das Wasser was rauschte:
1654 1735 2880 1821 "Ist das Milch?" Beate heute
1633 1793 2966 1903 früh am Fenster auf den Nebel:
1609 1847 2837 1981 "Mutti es est Winter es hat ge-
1612 1898 2999 2039 schneit.” Beate ist sehr stolz darauf
1612 1988 2994 2112 sie geht 1x die Woche einen Morgen
1609 2053 2904 2176 in den Kindergarten. Jedem
1595 2119 2815 2239 erzählt sie: "ik ga naar school."
1619 2172 2963 2277 Heute hat sie die schwesterchen eingesem-
1621 2251 2944 2334 gen in meiner Abwesenheit sagt beim.
