3076 2370
156 147 588 285 5. Dezember.
137 225 1468 387 Sint Niklaas. Früh war ich mit allen
137 337 1490 481 drei Kindern in Jan de Jongs Schule
133 418 1468 527 wo im Turnsaal für die untersten
166 501 1431 634 3 Klassen Mutter und kleinen
159 565 1433 686 Geschwister Nikola und Zwarte Piet
149 659 1463 757 kamen. Beate hat Nikola auf weissem
154 707 1447 818 schimmel vor die Saaltür reiten sehen
161 762 1495 901 Zwarte Piet ging nebenheer. Die Zwillinge
152 845 1468 975 haben den Nikolo zum ersten male
157 920 1390 1037 gesehen. - Sie waren gar nicht scheu Beate
164 991 1454 1110 ging beherzt alleine zum Nikolo hin
152 1065 1463 1189 Und bestellte ihm ihre Wünsche. Helli
143 1146 1340 1264 hatte unaufhörlich den Daumen im
150 1169 1478 1326 Munde wohl aus Nervosität. Beate hat
156 1246 1433 1390 in ihres Spielschule 2 Tage vorher mit
176 1317 1506 1459 Nikolo Bekanntschaft gemacht. Die Kinder
178 1399 1483 1509 von Luse v. der Hoeve waren auch da-
154 1461 1516 1578 bei, vor 26 Jaren habe ich in der Groninger
143 1520 1506 1656 school vereeniging mit ihr zusammen Nikola
164 1603 1463 1711 gesehen. - Nachmittags haben wir es um
169 1660 1485 1800 1/2 6 mit Kindern Madelen und Mutter
176 1725 1490 1862 gefeiert; alle Geschenke und Süssigkeiten
168 1794 1485 1948 waren einzeln in Packete verpackt und
175 1857 1335 2005 lagen unter dem Sofa die Kinder
178 1910 1475 2062 mussten sie hervorholen und jeder
180 2014 1466 2161 packte seine Packete aus und las sein
187 2088 1392 2199 Verschen vor. Es machte allen auch den
202 2109 1459 2299 Mädchen Anni und Willempje (Teta).
197 2220 688 2341 grossen Spass.
1656 71 2809 185 Es ist eine hübsche Feier ganz ohne
1658 124 2961 268 Frommigkeit, eine Burleske und ein Fest
1668 216 2076 299 für Kinder.—
1670 244 2958 358 Gestern abend haben wir mit Mutter
1642 327 2939 430 Snow white - Zeichenfilm von Walt
1656 392 2994 508 Disney gesehen. Alle Welt ist davon
1637 460 2994 600 begeistert. Ich war mehr als enttäuscht.
1649 545 2820 622 Vom Märchengeist keine Spur
1632 576 2973 721 es ist Hollijwood komik, der Film
1635 657 2991 781 ist glänzend gemacht, die Zeichnungen sehr
1641 731 2887 852 gekonnt, der Film ist viel zu lang,
1608 818 2875 939 und es fehl jeede Anmut, Schnee-
1596 871 2963 1013 wittchen ist ein Püpperl. Viele Gekken-
1601 973 1905 1049 schien
1613 970 3005 1127 Felix kam aus England zurück ganz ohne
1603 1074 2927 1186 irgendetwas erreicht zu haben und
1601 1144 2851 1265 sehr down er hat dort erst dagt
1611 1179 2998 1347 die Flüchtlingsnot kennen gelernt und
1603 1278 2901 1404 ist sich unsrer aller Situation be-
1611 1374 2242 1463 wusst geworden.
1623 1402 2987 1570 Die Collecte für die Jüdischen Flüchtlinge,
1613 1520 2712 1627 hat in Holland die an 1 Tage
1566 1561 2764 1710 f 430.000. aufgebracht d.h. bei +-
1599 1609 2960 1765 6.000000 Einwohnern d. h. +- 6 cts per
1601 1722 2600 1853 Kopf. = Freiwillig für andre
1582 1755 2927 1936 Die Reichsdeutschen haben am Tag der
1589 1872 2619 1993 solidarität in Deutschland.
1641 1926 2884 2076 15. 061. 335. 40. Mark aufgebracht. = Auf 15.
1637 2016 2823 2168 pro Kopf dass ist zum 50 = 7 1/2 cts.
1647 2100 2851 2272 Freiwillig und gezwungen für
1739 2204 2220 2317 sich selbst.
