3070 2370
169 67 1466 199 Doz. Strausky, Felix Chef und conge-
152 166 1336 275 nialer Mitarbeiter in Karlsbad
142 254 1495 361 in Balneologie Labor im Kranken-
116 318 1480 434 haus, 2 winter hat Felix bei ihm
142 406 1322 493 gearbeitet hat sich als er aus
140 475 1298 602 Prag nach Kbd zurückkehrte
124 562 1283 700 das Leben genommen. Das war
124 634 1473 745 ein edles Mensch, 100% guter exacter
124 728 1369 864 Wissenschaftler, er hatte den Krieg
142 797 602 895 mitgemacht.
164 813 1430 972 Dr. Holtz Kohn, der beiden Geburten
142 930 1447 1039 des Kindes Dr. Kafka assistiert hat
133 1017 1343 1141 und Chef des Sanatoriums war
124 1060 1492 1182 indem ich lass, sitzt im Konsentra-
140 1136 1450 1269 tionslager. Ein anständiges loyaler
138 1222 1322 1345 geistvoller guter sympathischer
140 1248 1487 1402 Arzt im Alter von 50 Jahren. Seine
128 1369 1469 1487 Frau ist Arierin. Die anständigsten
142 1421 1424 1544 Männer in Kbd sitzen, auch ihre
147 1507 1376 1634 arischen Frauen u. A. eine Adoo-
137 1578 1373 1705 eatensgattin die diesen Winter
123 1663 1468 1789 einen selbstmord versuch gemacht
130 1751 1405 1864 hat weil sie einen 5 Pelzmantels
154 1822 1364 1934 nicht von ihrem Mann bekam.
228 1881 1421 2012 Grossmutti ist nun auch endgültig
164 1990 1286 2064 aus Deutschland fort Heinz ist
145 2043 1466 2163 hingefahren und hat ihr in 3 Tagen
164 2111 1342 2225 Pass und Papiere verschaft und
161 2144 1509 2296 sie im Flugzeug nach A'dam gebracht.
154 2240 1281 2327 Ich lerne seit 14 Tagen Autofahren.
1623 73 3001 182 Ich war vor circa 10 Tagen in Amsterdam
1604 150 2948 261 abends mit Renatel im Konzert. Nach-
1608 233 2958 339 mittags war ich bei Kurt Müllerheim
1625 304 2882 399 im Krankenhaus. Er ist mit der
1616 389 2984 481 K. L. M. von Berlin nach Amsterdam
1616 453 2887 574 geflogen um endgültig nach U.S.A.
1608 527 2994 624 anszuwandern. Das Flugzeug Ijsvogel
1611 607 2946 704 ist über dem Landungsplatz schip-
1601 667 2970 804 hol verunglückt er ist einer der we-
1623 731 2939 830 nigen Geretteten und am besten
1623 799 2970 902 dran. Vor 11 Jahren waren wir die
1628 866 2970 972 ganzen Sommerferien in St. Moritz
1608 944 2994 1051 zusammen, er war mein Verehrer
1623 1003 2937 1117 auf allen Ballen und bei Aus-
1615 1087 2868 1188 flügen waren wir zusammen.
1628 1160 2951 1234 Er ist 1 Jahr älter als ich. Ich kam
1613 1227 2934 1305 mir bei dem Wiedersehen vor wie
1616 1288 2968 1390 seine Mutter so alt fühlte ich mich
1620 1354 2987 1442 - 3 Kinder, Hausfrau Gattin u. s. w.
1611 1411 2960 1514 und er sah kaum anders aus als
1620 1492 2935 1601 damals ist Ingenieur unverhei-
1635 1549 2991 1687 ratet und geht in die Welt hinaus.
1694 1623 2963 1739 Er hatte immerzu die Tränen in
1608 1691 2946 1805 den Augen ob vor Schwäche oder
1604 1772 2967 1895 vor Rührung? Er sprach gleich von
1622 1853 2892 1953 seiner Angst um die Mutter in
1641 1909 2894 2061 Deutschland und liess mich ihren
1641 2005 2081 2128 Brief lesen.
1637 2045 2878 2168 Heinz war vorgestern da, und aufge-
1625 2154 2975 2273 bracht über die Dinge die er in Deutschland
1620 2220 2510 2341 gesehen und gehört hatte.
