3078 2370
140 61 1433 208 Donnerstag kam René Wubbe zu uns
138 143 1450 283 für einen Abend herüber (Peters Schwa-
140 235 1450 375 ger.) Er verehrt Renate und brachte
135 293 1379 415 nur eine Orchidé, er hat sich den
130 403 1396 508 ganzen Abend Photos von früher
133 469 1406 601 bei uns angesehen und war
121 563 1443 684 ebenso wie Renatel die Sonntag
133 643 1298 758 allein da war begeistert von
135 703 1502 857 zwei französischen Kinderbüchern
131 804 1249 911 über den Elephant Barbar.
131 868 1459 1000 Renatel träumt von einem neuen
138 957 1464 1078 Abendkleid das ihr am Geburtstag
133 1048 1414 1150 versprochen wurde, von dem
125 1114 1445 1234 makabren Flüchtlingstanz um
147 1177 1428 1300 sie her, ist sie wenig berührt.
155 1275 1392 1433 Die Kinder spielen die Geschichten
128 1356 850 1467 von Barbar nach.
160 1384 1365 1558 Gestern Sonntag früh waren Felix
145 1490 1469 1616 und ich auf den Rädern ich hatte
143 1589 1461 1679 Beate hinten drauf bei strahlen-
145 1662 1406 1761 der Sonne an der See (Katwijk)
152 1740 1413 1850 Von 10 - 1/2 1 in herrlichster Luft.
133 1815 1455 1937 Das Meer war Blau und schäu-
136 1921 1348 2017 mende wellen. Beate machte
140 1969 1375 2092 beim Laufen am Strand das
143 2049 1406 2160 Anlaufen der Wellen und das
171 2129 1309 2244 Sinken des Schaumees in den
160 2182 1524 2329 Sand mit vielen Luftblasen Spass.
1686 63 2861 176 Vor 8 Tagen Sonntag waren wir
1631 102 2940 251 per Tram mit Maria und Beate
1611 206 2967 302 draussen und vor 4 Wochen auch
1623 276 2938 394 per Rad, nur hatte ich grade am
1650 360 2836 456 Ziel Platsfuss (Reifen geplatst)
1641 384 2983 514 und musste mit Beate per Tram
1619 485 2416 585 nach Hause fahren.
1619 512 2948 657 Peter was 1x zum Lunch diese Woche
1619 623 2803 732 hier, er bleibt bis er nach U.S.A.
1631 659 2977 831 geht in der Organon, seine Funktion
1614 759 2988 886 hat schon ein anderer übernommen
1604 833 2906 954 er soll jetzt heraufahren den ge-
1616 899 2962 1022 Wissenschaftl. Dienst controlieren
1602 971 2960 1087 und sich auf Vorträge für Ameri-
1619 1032 2989 1152 ka vorbereiten. Er ist allso Prokurist
1611 1109 2878 1249 (Minister ohne Portefeuille) aber
1602 1186 2479 1312 irgendwie kalfgestellt.
1647 1227 2977 1365 England hat das italienische Imperi-
1614 1310 2544 1445 um anerkannt 16. Nov.
