1500 955
785 63 871 123 dinsdag
881 62 887 122 4
904 62 960 122 April
974 65 1016 125 1944

851 129 943 189 Eigenlijk
958 131 973 191 is
988 130 1068 190 hinstig
1083 131 1117 191 geen
1135 131 1185 191 goede
1198 129 1230 189 dag
1245 129 1262 189 om
1280 129 1305 189 een
1323 129 1410 189 fogboele
1420 129 1437 189 te

852 161 968 221 eginen,
976 161 1029 221 maer
1060 161 1162 221 waandags
1177 161 1213 221 har
1222 161 1236 221 ik
1252 159 1272 219 er
1289 159 1369 219 nognet
1379 159 1477 219 aangedlelt

851 193 886 253 het
897 193 953 253 vlgan
970 193 1058 253 insaage
1082 191 1120 251 ogen
1134 192 1151 252 al
1158 192 1210 252 goet.
1224 190 1295 250 skeert
1310 189 1335 249 een
1353 191 1445 251 kertier
1460 193 1473 253 te

851 223 1014 283 laatgeroepen,
1032 223 1099 283 ende
1111 223 1165 283 rakio
1182 221 1259 281 vriets
1271 221 1315 281 ilt
1327 221 1398 281 siade

854 253 894 313 von
907 254 926 314 de
938 253 1045 313 netkoen
1063 255 1097 315 vol
1111 255 1159 315 haar
1176 253 1210 313 het
1223 253 1297 313 vinen
1306 253 1330 313 on

853 285 945 345 Ongeveer
963 285 1023 345 vooor
1033 286 1041 346 d
1059 285 1125 345 rtapte
1137 287 1155 347 ik
1169 285 1187 345 de
1201 283 1300 343 deuriit
1321 283 1386 343 mrag
1407 283 1448 343 Van

854 315 892 375 van
906 315 932 375 den
946 317 1012 377 vager
1027 317 1081 377 legen
1101 316 1129 376 am
1151 315 1187 375 war
1196 315 1214 375 ik
1227 315 1314 375 getukkt
1341 317 1357 377 op
1374 313 1419 373 tyde

853 349 896 409 olt
911 349 933 409 iot
950 349 1005 409 onin
1022 347 1043 407 de
1054 347 1102 407 rram
1130 347 1253 407 gewartele
1272 345 1357 405 hodfen
1374 345 1426 405 reken
1437 348 1461 408 we

853 379 885 439 tot
900 379 918 439 de
929 379 1106 439 verkeringschen
1128 378 1182 438 mee.
1197 377 1273 437 namen
1290 378 1322 438 gin
1352 377 1474 437 verretoven

856 409 910 469 reis
920 409 936 469 op
948 409 967 469 de
984 409 1182 469 maentrieschool)
1194 409 1217 469 en
1234 411 1250 471 ik
1262 409 1309 469 ging
1326 409 1441 469 thammen

854 439 912 499 naar
926 439 943 499 om
965 440 994 500 rot
1007 439 1043 499 kok
1061 439 1171 499 CoO.V..

854 471 939 531 Omaas
948 471 982 531 zijn
1002 471 1020 531 10
1038 470 1152 530 talaltijr
1170 471 1197 531 bij
1210 469 1230 529 de
1242 469 1302 529 halve
1316 469 1365 529 waar
1376 469 1392 529 is
1405 469 1466 529 ortep

852 501 998 561 begetroonn,
1004 501 1082 561 maakte
1094 502 1111 562 ik
1121 501 1205 561 meruls
1221 501 1276 561 derk
1292 501 1376 561 amserin
1390 499 1405 559 te
1416 500 1480 560 komen

855 533 913 593 maer
929 533 946 593 de
965 533 1105 593 ronamteur
1120 533 1208 593 vine)
1217 533 1286 593 waszo
1298 531 1339 591 item
1362 531 1384 591 an
1402 531 1419 591 te
1426 531 1484 591 vroegn

855 565 988 625 afsevellen,
1002 565 1029 625 de
1045 565 1107 625 kolle
1123 565 1174 625 voar
1184 565 1204 625 de
1216 563 1309 623 vijwagen
1325 563 1346 623 n
1365 561 1441 621 prong
1452 564 1471 624 er

852 597 870 657 op
902 595 960 655 heeie
981 595 999 655 in
1017 596 1037 656 de
1048 595 1118 655 armen
1139 595 1173 655 van
1193 594 1222 654 een
1238 593 1306 653 kenke
1324 595 1374 655 Jonge
1390 595 1464 655 agent.

855 625 957 685 sgaat
971 625 1013 685 niet
1034 625 1065 685 ree
1077 625 1101 685 hij
1125 625 1194 685 twik:
1203 625 1239 685 dat
1250 623 1300 683 gaat
1315 625 1360 685 bert

855 655 886 715 hhij
901 655 951 715 wr
968 657 995 717 24
1012 655 1052 715 voor
1076 655 1110 715 van
1122 655 1177 715 ralik
1189 656 1206 716 je
1217 655 1271 715 ak
1294 655 1328 715 wll
1342 657 1382 717 wen
1397 655 1478 715 opprijsten

856 687 888 747 als
897 687 932 747 ket
943 688 963 748 zo
976 689 1015 749 geet
1028 689 1076 749 gart
1118 687 1226 747 Vnkrok
1242 687 1270 747 me
1281 685 1405 745 rotwrier
1421 687 1451 747 en

868 717 980 777 bekeuring
1000 717 1047 777 koos
1062 717 1150 777 minstee
1181 718 1252 778 250.
1285 717 1415 777 eagentije
1424 715 1471 775 waal

862 752 902 812 rock
919 749 985 809 glaaten
997 747 1038 807 voor
1052 749 1082 809 me
1099 749 1118 809 in
1135 749 1200 809 ragte
1210 749 1266 809 vwoor
1290 749 1313 809 oo
1343 749 1363 809 in
1379 747 1462 807 vomer

857 782 898 842 uit
910 781 969 841 ael,
985 781 1011 841 bij
1025 779 1057 839 het
1082 780 1189 840 koemplem
1215 779 1283 839 moers
1292 779 1309 839 ik
1324 779 1388 839 niet

855 813 920 873 vockt
932 811 986 871 oliek
1003 813 1044 873 met
1059 811 1096 871 tex
1126 811 1188 871 kout
1206 809 1246 869 aar
1262 809 1338 869 politie
1349 809 1416 869 vleetje
1428 809 1468 869 met

858 845 935 905 tuur
944 843 980 903 hijk
997 842 1113 902 achterna,
1130 843 1240 903 woermis
1255 841 1300 901 koor
1325 840 1359 900 mij
1380 839 1431 899 bleef
