1500 942
138 140 214 200 wedig
227 137 328 197 daardde
346 136 387 196 wede
396 136 493 196 aeveren
511 134 527 194 ee
545 134 625 194 teleeti
659 134 675 194 te

110 170 160 230 lack
194 169 225 229 vij
237 168 285 228 ook,
306 166 410 226 Gelukkig
421 164 466 224 reet
488 164 529 224 voen
544 164 562 224 de
576 164 644 224 trans

112 200 185 260 verder
203 200 225 260 en
239 198 277 258 ber
295 197 315 257 ik
331 197 368 257 geen
383 196 413 256 2,
419 196 433 256 o0
444 196 542 256 beleven
559 196 568 256 t
589 194 675 254 dosten

113 230 144 290 de
153 230 222 290 guogen
240 228 292 288 half
303 228 320 288 gt
333 226 396 286 gebool
411 224 491 284 binnen
521 225 666 285 risbenrig

111 260 146 320 die
166 260 256 320 alstent
275 260 334 320 mets
351 258 408 318 zelfs
419 258 465 318 niet
482 256 515 316 bij
528 256 633 316 masiar
646 256 682 316 vet

118 290 154 350 ver
176 291 215 351 et
225 290 268 350 heel
281 290 320 350 wat
336 289 465 349 wilzeggen.

124 321 280 381 viarigeven
294 320 313 380 ik
337 318 410 378 onrat
422 319 440 379 en
453 318 497 378 niet
516 316 588 376 lekken
597 316 636 376 war

117 350 162 410 vier
178 351 230 411 vaor
239 351 323 411 choel,
330 350 445 410 waarvell
457 348 507 408 naer
517 346 602 406 Mijnbee
626 346 646 406 te

114 380 194 440 woor,
202 382 231 442 een
246 380 292 440 onde
306 380 422 440 ontewijzer
436 378 464 438 van
476 376 495 436 de
507 378 675 438 begeneschoolge

116 412 185 472 vees
201 412 224 472 on
237 412 283 472 mijn
297 414 302 474 a
339 412 426 472 reppart
443 410 483 470 kas
493 410 512 470 ga
578 408 605 468 te
616 406 678 466 laten

113 443 182 503 pier.

114 475 155 535 Ook
168 472 316 532 bewlvande
328 472 379 532 Cibli
389 470 452 530 otheet
459 468 550 528 geweest,
560 469 585 529 of
595 466 645 526 en

115 504 194 564 bolken
209 504 227 564 te
240 502 314 562 halen,
326 502 346 562 en
358 500 414 560 vaar
431 500 487 560 het

116 534 211 594 voorde
225 532 291 592 risten
307 531 364 591 hezen
388 530 483 590 omtrsiek
501 530 544 590 geen
564 530 594 590 ren
614 528 631 588 in

116 564 171 624 min
186 564 291 624 kueck
309 564 366 624 kak,
384 562 453 622 is
466 558 546 618 morgen
578 558 656 618 vldae

114 594 263 654 laashedag
278 594 322 654 voor
338 593 359 653 de
379 592 498 652 orcantie,
504 590 540 650 dan
560 588 635 648 keoben

117 626 141 686 e
156 625 246 685 mertie
258 625 296 685 geen
311 624 350 684 les,
362 623 423 683 maer
435 620 532 680 voorleren
544 620 566 680 of
578 618 673 678 ppilletjes

113 654 150 714 hen
160 656 191 716 de
220 655 255 715 wil
305 652 341 712 nog
356 651 411 711 zelve
423 651 522 711 ereen
547 650 570 710 ee
581 648 607 708 si
642 648 695 708 saan

121 686 171 746 heer
185 684 274 744 Edeln
294 684 367 744 wals
381 682 485 742 heoonlijk
511 680 657 740 overgeselogen
669 683 681 743 i

121 716 212 776 mamme
231 715 292 775 heeft
304 714 333 774 bij
347 712 382 772 van
396 714 431 774 ham
455 711 484 771 aen
492 710 633 770 quotteman

117 748 172 808 ere
190 746 217 806 de
235 745 317 805 kunnen
332 744 407 804 tuuijgen
420 744 472 804 (niet
487 742 544 802 zoals
555 742 664 802 gesoodigh

125 778 190 838 weer
210 778 243 838 gen
257 776 335 836 weeen

779 68 897 128 Volnnge
915 68 971 128 April

860 132 949 192 werd
975 132 1034 192 dater
1044 132 1079 192 den
1095 131 1208 191 gewoonlijk
1228 128 1312 188 water
1324 128 1425 188 ikmert

861 162 882 222 am
904 164 948 224 10.10
966 163 982 223 op
994 160 1055 220 eool
1065 160 1100 220 zijn
1120 160 1167 220 met
1179 160 1198 220 de
1210 160 1276 220 ralige
1288 160 1399 220 geaechte:
1409 158 1430 218 Gm

862 194 936 254 vafoor
960 193 1040 253 taalf
1060 192 1134 252 hebben
1144 192 1256 252 oriantie.

861 226 946 286 weging
960 224 979 284 on
998 224 1042 284 half
1053 222 1089 282 tien
1107 221 1138 281 van
1154 222 1194 282 huin
1210 223 1227 283 en
1241 221 1277 281 zag
1292 220 1353 280 looftje
1366 220 1429 280 &eijk

862 254 890 314 bij
904 254 922 314 de
934 254 1036 314 kramkalr
1074 254 1108 314 het
1118 252 1166 312 kint
1182 252 1225 312 likt
1240 250 1321 310 vardeel
1338 250 1351 310 op
1365 250 1407 310 haer

862 285 938 345 otker,
945 286 998 346 want
1014 284 1033 344 te
1050 284 1099 344 heeft
1111 284 1130 344 de
1142 283 1182 343 kele
1194 280 1277 340 wegtist
1293 282 1350 342 staan
1369 280 1445 340 kleten

860 316 869 376 a
908 316 942 376 kan
965 316 1078 376 buurvrouw
1098 314 1196 374 katteN.
1203 311 1209 371 3
1220 310 1282 370 betaen

862 348 930 408 folnik
944 346 971 406 bij
980 346 1040 406 school
1051 344 1158 404 kwamwan
1172 344 1190 404 er
1199 342 1234 402 nog
1248 342 1341 402 niement
1358 343 1374 403 en
1391 342 1432 402 gulg

862 376 882 436 de
893 376 1014 436 hibbeeweek
1033 374 1107 434 binnen
1135 374 1233 434 daerraten
1247 372 1291 432 mijn
1313 372 1412 432 vandlijk

865 406 999 466 telergenootjes
1013 405 1079 465 velli,
1086 404 1150 464 kennig
1162 404 1176 464 en
1191 404 1249 464 taig

872 438 933 498 Natas
945 436 971 496 eel
983 436 1025 496 ovre
1040 434 1148 494 weterrijder
1165 432 1276 492 oorteringen
1290 433 1309 493 en
1329 432 1416 492 schuuen

863 468 1013 528 serertievelijk
1027 466 1121 526 geinren
1139 466 1226 526 betoele
1244 464 1315 524 horden
1327 466 1371 526 sing
1385 464 1403 524 de
1414 464 1445 524 bel

861 500 882 560 an
900 498 924 558 van
926 497 930 557 de
943 496 991 556 wer
1011 496 1064 556 voorn
1090 496 1135 556 noor
1153 494 1220 554 due.

875 528 939 588 Juffrou
971 526 1076 586 darenboom
1103 526 1136 586 sie
1148 524 1215 584 hebben
1229 524 1246 584 er
1262 524 1271 584 t
1282 524 1322 584 voor
1334 524 1396 584 mits
1417 525 1450 585 gaf

868 558 933 618 voor
946 558 973 618 den
993 559 1048 619 ichere
1062 556 1181 616 rotemeek,
1195 556 1212 616 de
1225 556 1295 616 leesste
1316 555 1353 615 ten
1369 553 1457 613 mimeten

863 587 934 647 teeven
953 588 981 648 met
1002 588 1068 648 albou
1098 586 1240 646 vockerkave
1261 585 1329 645 wrel

868 618 896 678 ne
916 619 972 679 mits
987 618 1093 678 harteuwe
1108 618 1141 678 vrij
1167 616 1234 676 erging
1249 616 1369 676 navlijk
1383 614 1407 674 n

872 650 943 710 gegriek
960 650 976 710 op
1000 646 1068 706 bebben
1082 647 1122 707 geen
1141 646 1309 706 vertriktamde

868 678 993 738 behooden
1013 677 1136 737 (voorwik
1168 677 1203 737 gan
1237 675 1265 735 een
1283 676 1376 736 kansen
1424 674 1459 734 was

870 714 893 774 am
918 709 960 769 orol
993 709 1062 769 tuur
1084 708 1158 768 touik
1178 706 1241 766 langs
1257 704 1416 764 verchoorkage

866 740 916 800 hing
926 742 961 802 reet
975 738 1039 798 deol
1051 740 1086 800 van
1110 738 1189 798 binnen
1215 738 1235 798 te
1251 737 1368 797 kwampor
1398 734 1419 794 ke

869 770 926 830 fleije
938 770 1032 830 melhal
1054 768 1134 828 brengen
1158 768 1196 828 wat
1208 769 1224 829 en
1246 768 1326 828 gisteren
1350 766 1437 826 getoclt

869 804 904 864 tok
919 802 983 862 weders
994 802 1019 862 rij
1038 802 1070 862 her
1085 800 1171 860 ongeven
1186 798 1203 858 in
1216 799 1273 859 vadr
1292 798 1383 858 tactra
1401 796 1455 856 gesto

879 834 904 894 ve
918 834 946 894 een
960 832 1035 892 minje
1056 830 1125 890 kwaen
1144 828 1212 888 maun
1233 828 1258 888 ein
1268 828 1327 888 detijt
1348 828 1412 888 sleuig
