1500 943
110 141 154 201 het
170 141 195 201 een
212 141 253 201 beele
267 139 304 199 tijd
318 140 345 200 hij
355 139 380 199 aen
396 139 541 199 tanbetsakler
553 139 633 199 meters

108 171 214 231 tereten

125 201 243 261 vsrepen
260 200 268 260 s
280 199 353 259 oonan
368 199 422 259 benik
440 199 482 259 gaan
505 199 563 259 leten¬

143 261 227 321 Atel
247 261 253 321 g

111 321 254 381 Ciprehijn
274 322 352 382 ongaan
368 320 449 380 saan,
495 318 585 378 mogens
599 319 642 379 woot

120 352 197 412 deren
214 351 236 411 en
259 351 289 411 een
312 351 359 411 aar
378 349 535 409 boorschopen
556 349 629 409 gepaan

152 383 232 443 riart
279 381 355 441 meert
371 381 391 441 ie
409 381 462 441 naer
471 381 492 441 de
517 379 597 439 hlle
606 379 626 439 e

113 413 161 473 daar
178 411 243 471 waren
269 411 475 471 schetetrijden
492 411 508 471 in
529 409 662 469 barservall

111 443 142 503 tr
156 443 216 503 deden
239 443 244 503 i
263 443 353 503 rebolen
374 442 421 502 wet
518 441 599 501 ockd
624 440 661 500 ven

113 473 197 533 tweede
213 473 305 533 Oestehe
325 473 392 533 Oorie
427 471 513 531 Gyne
599 469 682 529 BeTee

113 506 247 566 kygewarlie
274 503 296 563 in
316 503 335 563 de
351 501 421 561 vierde
438 502 480 562 van

114 536 142 596 de
155 533 241 593 Tweede
257 534 345 594 O.ve3.
358 531 424 591 recht
440 529 467 589 ed
504 531 619 591 toeroip

113 565 208 625 oren
248 563 313 623 duere
327 563 409 623 eool
426 563 525 623 vermed
542 561 565 621 de
581 563 656 623 perde

117 597 160 657 vijf
175 596 197 656 en
222 595 287 655 vorrm
311 593 382 653 mee,
393 593 488 653 Berbko
505 591 548 651 no.
556 592 565 652 3

117 625 173 685 liren
185 625 276 685 ele
294 625 362 685 oasie
378 623 475 683 viekende
491 621 614 681 Sarlaeran

114 655 207 715 Jons
225 655 270 715 met
283 655 357 715 vollen
375 653 405 713 vl
423 653 529 713 gncomen
549 653 629 713 konden
647 652 672 712 va

113 685 161 745 wor
171 686 193 746 we
214 686 297 746 wader
316 683 422 743 teet
440 685 513 745 tewin
530 683 565 743 van
582 683 617 743 sale

125 715 215 775 venden
235 717 278 777 ven
296 715 363 775 vods
378 715 491 775 ver.

115 745 154 805 ve
165 747 230 807 alhoog
247 747 312 807 vorte
325 745 439 805 weastrijk
457 745 533 805 hebben
597 745 623 805 ve
643 745 650 805 e

116 775 217 835 roedir
230 779 277 839 gea
298 777 344 837 iije
360 775 436 835 gegeven
459 773 476 833 in
495 774 517 834 oe
533 773 655 833 tijnshreee

115 807 186 867 Adut
211 806 355 866 Vskwam,
365 805 434 865 woert
443 805 459 865 is
476 805 510 865 van
530 805 566 865 kra
612 803 662 863 met

118 838 212 898 waerten
227 837 265 897 wed
301 837 350 897 boer
373 838 430 898 vant
443 835 476 895 die
502 835 538 895 tet
561 837 643 897 gerae

855 135 950 195 keregen.
965 133 1001 193 Bij
1011 131 1078 191 gratie
1091 133 1136 193 gods
1147 133 1203 193 haeeg
1214 133 1226 193 ik
1252 133 1259 193 1
1283 133 1321 193 flee

861 164 943 224 daarua
960 163 996 223 ven
1008 161 1026 221 de
1048 161 1102 221 gaan
1125 161 1199 221 heren¬

857 193 898 253 ham
928 193 974 253 ore
1006 193 1065 253 thuis
1076 193 1120 253 meer
1130 193 1159 253 het
1174 191 1258 251 vericht
1273 193 1311 253 dat
1321 192 1341 252 se
1354 191 1432 251 kunene

858 225 879 285 in
895 225 912 285 de
930 225 1012 285 veten
1022 222 1054 282 van
1078 222 1148 282 dee
1163 223 1200 283 aen
1213 223 1245 283 het
1259 222 1352 282 vielsen
1369 221 1436 281 waren

864 255 955 315 ^oonds
964 255 996 315 aen
1013 255 1090 315 nieuwe
1101 253 1176 313 kousen
1195 253 1289 313 begonren
1305 251 1321 311 en
1340 251 1372 311 eet
1387 251 1436 311 gaan

859 285 903 345 herm
950 285 971 345 da
984 285 1014 345 ten
1031 285 1088 345 rales
1097 285 1131 345 hei
1156 285 1178 345 de
1192 285 1269 345 beblen
1285 283 1318 343 ook
1334 282 1440 342 vrernie

862 347 946 407 Vrijdag
962 347 969 407 4
985 347 1042 407 april
1065 345 1110 405 1944

875 377 1006 437 vanmorgen
1024 376 1104 436 nettig
1124 373 1174 433 werk
1189 375 1276 435 gedaan
1307 373 1395 433 varteen
1413 373 1464 433 met

863 405 936 465 voerje
954 405 1029 465 geleren
1050 405 1087 465 voor
1097 405 1148 465 mijn
1166 405 1196 465 ein
1210 405 1338 465 dezamen.
1351 405 1386 465 vn
1404 407 1471 467 morgen

865 437 909 497 nog
922 437 951 497 een
974 435 1097 495 uitretael

869 467 994 527 „midaags
1008 467 1106 527 haarties
1114 465 1167 525 gaan
1190 465 1256 525 haler
1271 465 1314 525 voor
1325 464 1406 524 setgen

859 497 913 557 mijn
926 499 1043 559 revolnen.
1058 497 1089 557 die
1103 495 1162 555 waren
1179 495 1201 555 al
1227 495 1340 555 tsmerne
1359 493 1385 553 bi
1402 495 1429 555 een

866 529 1025 589 nvoenmaker
1051 527 1082 587 hij
1099 525 1154 585 heeft
1167 527 1185 587 al
1202 525 1280 585 kouden
1295 525 1356 585 rosen
1371 526 1448 586 trafge

865 559 929 619 kaele
941 559 948 619 e
978 557 1004 617 ee
1024 557 1077 617 wen
1099 557 1239 617 ondergezet.

864 594 894 654 de
906 588 982 648 hebben
1005 589 1062 649 vroeg
1078 589 1166 649 gegeven
1187 587 1209 647 in
1226 587 1266 647 toe
1291 587 1330 647 zijn
1351 585 1405 645 wiar
1420 585 1473 645 ne

863 619 929 679 aar
943 619 960 679 de
970 619 1004 679 lit
1032 619 1130 679 gesten.
1150 619 1178 679 e
1192 619 1232 679 zeg
1250 617 1273 677 is
1287 617 1384 677 gewelkig
1398 615 1451 675 eigen

862 652 907 712 wijn
920 651 958 711 uit
981 651 1005 711 we
1024 648 1062 708 her
1082 648 1133 708 noge
1145 647 1230 707 kaleken
1250 647 1270 707 in
1291 647 1356 707 denig
1372 647 1396 707 en
1419 645 1468 705 aack

861 681 884 741 om
906 681 953 741 mijn
974 681 1039 741 voost
1054 679 1178 739 geknoopt,
1191 677 1228 737 dat
1243 677 1318 737 moest
1329 677 1349 737 ck
1369 676 1471 736 ollemaal

863 710 902 770 hll
913 709 956 769 voen
978 711 1043 771 want
1065 709 1083 769 de
1101 709 1200 769 volging
1216 709 1254 769 van
1265 710 1292 770 18.

867 743 890 803 te
902 741 939 801 silv
975 741 1006 801 die
1025 739 1081 799 belt
1103 739 1195 799 dovene
1212 739 1294 799 heefte
1313 739 1452 799 gingwelik

867 772 962 832 heteell
976 769 1000 829 en
1034 769 1107 829 betere
1122 769 1215 829 gezien.

869 803 948 863 werijn
965 801 1012 861 met
1028 802 1047 862 ee
1064 801 1218 861 teruggegaan
1235 797 1322 857 mieven
1339 797 1366 857 an
1380 797 1443 857 helfel

870 833 954 893 tuns.
965 834 986 894 /e
997 830 1031 890 ben
1055 829 1099 889 ter
1121 829 1153 889 we
1166 830 1205 890 veen
1222 829 1280 889 maer
1297 827 1345 887 min
1360 827 1442 887 mandge

1294 851 1433 911 negercld.
