1500 942
20 72 123 132 aterdag
138 72 142 132 8
155 72 212 132 April
227 75 272 135 1944

116 138 143 198 tn
164 139 228 199 ierijh
246 138 274 198 el
290 138 407 198 rateraag,
423 138 466 198 man
490 138 507 198 ik
523 138 584 198 velers
610 140 648 200 dit

114 170 151 230 an
164 168 299 228 rindeon

116 198 276 258 derakvent
299 199 337 259 pan
346 200 367 260 om
386 198 428 258 over
443 196 490 256 acte
533 196 549 256 op
562 196 671 256 aanaan

115 230 163 290 Foln
188 230 202 290 is
215 230 287 290 mauw
301 229 326 289 de
338 228 391 288 deur
404 228 524 288 uitgegaen
545 228 607 288 ende
619 228 643 288 de
654 230 695 290 we

116 260 213 320 raeren
233 260 252 320 te
265 259 317 319 helm
344 261 378 321 die
390 260 417 320 et
432 259 450 319 in
468 258 552 318 doere
566 260 652 320 ikel

114 290 202 350 deren
219 290 331 350 booden,
342 290 477 350 wane
572 290 596 350 en
617 290 653 350 aer

114 322 174 382 eesen
198 320 237 380 wo
278 320 303 380 de
317 320 341 380 to
385 319 420 379 in
439 318 458 378 ee
476 319 524 379 meer
540 319 580 379 bes
616 321 659 381 wee

114 352 193 412 gegaan
222 351 241 411 om
270 350 367 410 sholmen
385 350 430 410 voor
450 350 506 410 Ome
535 350 556 410 te
569 348 628 408 oven

115 382 146 442 er
163 382 246 442 worden
263 382 307 442 wel
328 381 411 441 zulpen
432 380 508 440 hrijgen
523 380 584 440 maak
606 380 652 440 hele

116 412 189 472 delijke
207 412 315 472 hinkelijk
330 412 434 472 regenel
450 410 522 470 mone
540 412 563 472 en
580 410 646 470 aer

117 440 157 500 voo
174 442 201 502 zo
216 442 235 502 i0
248 442 258 502 't
278 442 335 502 vnk
362 440 413 500 eel
424 438 525 498 gerhoop

119 473 145 533 de
158 472 194 532 hen
209 474 329 534 doorgegoan
350 472 372 532 om
391 472 411 532 de
430 472 497 532 voert
510 472 532 532 in
549 472 645 532 themen

122 503 176 563 voor
192 502 259 562 Onol
317 502 404 562 vrengen

116 534 144 594 er
156 534 198 594 liep
214 534 236 594 on
256 532 347 592 vallien
369 532 422 592 inde
436 532 522 592 sraat
544 534 635 594 tomer

117 563 280 623 delealaren
296 564 356 624 kwam
451 565 514 625 heeft
532 564 562 624 een
579 566 630 626 hall
643 565 649 625 u

118 596 217 656 mer

116 626 161 686 Jan
177 624 221 684 drie
238 624 337 684 merrin
353 624 432 684 manis
446 624 453 684 i
486 622 511 682 de
531 624 637 684 daoan

115 656 140 716 de
154 654 267 714 bootgaan
287 654 362 714 balen.
377 653 407 713 Op
419 652 440 712 de
452 654 669 714 Amteg

117 686 214 746 amen
231 684 315 744 heham
341 684 364 744 al
384 684 446 744 tegens
468 683 501 743 wij
521 684 562 744 was
577 683 675 743 voorhet

116 716 255 776 melelerm
283 715 331 775 niet
347 716 423 776 mete
441 715 494 775 boot
510 716 641 776 waursmes
654 713 675 773 be

125 746 224 806 teit
238 746 331 806 gekole
361 746 392 806 e
408 746 448 806 zijn
469 746 520 806 war
540 748 569 808 bij
583 748 666 808 meinke

127 778 256 838 uiuwe
265 777 512 837 emamagaan
528 778 589 838 talp
612 776 646 836 van

117 808 161 868 hem
184 807 223 867 het
237 808 288 868 boek
306 808 383 868 Eertje
401 807 427 867 te
443 806 475 866 hem
501 806 593 866 gelrgen

119 840 161 900 ham
191 836 240 896 it
253 838 287 898 vg
310 839 372 899 brum
410 838 446 898 vij
462 836 531 896 acrt
626 836 632 896 r

854 129 960 189 Januari
971 128 994 188 al
1011 128 1030 188 op
1051 128 1164 188 schipkel.

857 160 887 220 het
900 160 939 220 zijn
952 163 1006 223 vroeg
1022 160 1076 220 gaan
1094 160 1139 220 eten
1159 160 1222 220 iant
1233 160 1302 220 Jantje
1316 160 1383 220 mors
1396 160 1420 220 ae

855 192 930 252 naam
957 192 981 252 en
1000 192 1055 252 vaer
1074 190 1123 250 met
1131 190 1172 250 zijn
1191 190 1262 250 misse
1277 190 1311 250 vet

854 222 948 282 waers
964 220 1003 280 zijn
1021 220 1186 280 derkoonhogm
1210 222 1226 282 op
1242 220 1387 280 orriteereert

853 253 940 313 Janofd
958 252 1002 312 uir
1015 250 1092 310 hebben
1102 252 1124 312 de
1140 252 1231 312 Engelsen
1249 252 1383 312 mofgebrotan
1401 252 1420 312 ge

854 286 952 346 hogen.

856 346 940 406 ondeg
955 346 961 406 9
982 344 1042 404 April
1055 344 1115 404 1474.

856 402 979 462 Vanmorgen
991 404 1033 464 zijn
1045 404 1112 464 wegen
1122 402 1138 462 om
1164 402 1211 462 helf
1228 402 1267 462 tien
1291 402 1450 462 opgaanstaan
1464 404 1481 464 en

855 434 920 494 warer
933 434 956 494 om
982 434 1035 494 balf
1050 432 1121 492 twaalf
1137 434 1204 494 klaar
1219 434 1266 494 met
1276 434 1295 494 de
1319 432 1369 492 Roel

860 468 920 528 Jande
937 466 956 526 in
970 466 1068 526 warzijn
1088 464 1164 524 tonde
1178 464 1224 524 sad
1236 464 1254 524 in
1266 462 1337 522 gegaan
1356 460 1378 520 om
1395 460 1400 520 t

866 495 956 555 tetaer

859 525 936 585 Manio
953 523 1044 583 Sanluk
1067 524 1105 584 zijn
1118 524 1169 584 vaer
1179 524 1248 584 Omot
1265 525 1340 585 gegaan
1371 522 1408 582 de
1422 520 1463 580 moe

858 556 894 616 en
906 556 964 616 kopen
987 556 1049 616 waar
1064 554 1161 614 tenaegen
1168 556 1229 616 rijdt
1243 556 1263 616 de
1281 553 1333 613 mam
1362 554 1408 614 hier
1422 552 1483 612 nocht

864 588 888 648 de
902 588 977 648 regen
997 586 1023 646 een
1039 584 1112 644 lebber
1126 586 1178 646 vank
1196 584 1283 644 taart,
1289 584 1313 644 en
1325 584 1396 644 echte
1412 583 1471 643 phee„

865 618 899 678 De
915 618 982 678 gingen
995 616 1013 676 al
1027 616 1081 676 vroeg
1094 616 1159 676 eten,
1166 614 1233 674 want
1249 614 1323 674 lamen
1346 612 1413 672 Waur

857 648 952 708 taclre
968 647 1017 707 selve
1030 646 1161 706 vrolgele.
1175 648 1201 708 ten
1221 644 1310 704 motrti
1343 640 1433 700 ieppeltis

858 679 923 739 kopen
939 680 959 740 en
979 679 1030 739 sops
1042 676 1102 736 molt
1116 676 1183 736 altijd
1203 676 1221 736 om
1241 676 1250 736 8
1266 676 1310 736 min
1324 672 1429 732 chrustijn

859 710 932 770 Jantje
949 709 997 769 Mar
1016 708 1069 768 hier
1087 708 1128 768 zijn
1146 706 1197 766 naer
1215 706 1271 766 hoya
1296 704 1399 764 hackman
1415 707 1432 767 ge

861 742 928 802 oan,
935 740 968 800 die
983 738 1002 798 in
1017 738 1055 798 het
1068 738 1148 798 Concert
1161 736 1231 796 getaan
1252 736 1326 796 spelde

861 772 940 832 Mortj
952 771 967 831 is
985 768 1041 828 eerst
1054 766 1096 826 zijn
1112 770 1183 830 meige
1199 768 1255 828 gaan
1272 767 1334 827 halen

871 800 913 860 totn
934 802 1008 862 Jantje
1025 800 1078 860 wier
1097 799 1129 859 bij
1144 798 1184 858 het
1207 797 1357 857 aonartgetam
1379 796 1417 856 aen

859 830 964 890 hwamen
982 832 1027 892 was
1037 832 1089 892 taer
1107 832 1139 892 een
1159 828 1284 888 geweldige
1302 828 1384 888 dntre
1412 824 1441 884 Jet
