1500 939
123 129 274 189 orraogiet
294 133 360 193 open„
380 130 422 190 tot
442 133 498 193 paat
528 133 570 193 dat
604 133 665 193 aoege

118 163 154 223 het
175 161 313 221 neelijk

118 198 150 258 er
162 193 198 253 zijn
212 191 270 251 heten
288 191 332 251 van
351 191 470 251 hetortent
486 192 624 252 werwekealt
643 193 677 253 eoo

117 223 144 283 de
162 221 223 281 gruw
247 221 332 281 Colirie
353 221 444 281 wesber
465 221 573 281 antrosa

119 252 195 312 errije
212 251 251 311 not
266 252 290 312 en
309 252 439 312 vrvererg
454 253 549 313 getleven
566 254 584 314 in
601 251 681 311 boorden

120 281 167 341 de
189 283 230 343 dat
246 281 272 341 de
287 283 430 343 voorstelling
446 284 624 344 uitgeselde
648 283 680 343 tot

124 319 137 379 te
150 314 245 374 volgende
263 313 369 373 zonbag¬

121 343 317 403 Ehnisgekomen,
325 343 442 403 ratendam
471 341 491 401 en
512 345 562 405 vaar
598 343 657 403 lele

119 376 146 436 te
163 374 286 434 reheteren
309 375 363 435 man
377 373 419 433 aar
438 373 528 433 vurt
544 373 602 433 wee
619 375 671 435 kug

121 405 196 465 petrer
209 405 230 465 ae
241 405 271 465 ham
298 405 316 465 s.
325 404 395 464 bakel
409 404 448 464 koa
490 405 554 465 khaes

124 435 149 495 t
164 436 261 496 venar
274 436 329 496 goen
350 433 405 493 veve
437 434 458 494 en
475 433 511 493 deb
526 433 593 493 uinen
604 433 674 493 rore

120 467 212 527 geveeide
237 465 355 525 rger
392 466 429 526 aan
445 466 474 526 een
497 467 551 527 ver
567 467 676 527 elick

119 498 148 558 in
166 497 276 557 begonven
294 497 314 557 in
330 497 365 557 nu
384 496 424 556 zijn
442 495 526 555 realis

118 525 162 585 ja
191 527 228 587 van
247 525 342 585 mdaag
363 525 451 585 hebben
467 526 494 586 2e
510 525 578 585 .
586 525 662 585 driets

117 557 181 617 kand
197 558 255 618 wier
269 557 488 617 gebombarteert,
500 557 526 617 Om
556 557 592 617 Eet
608 558 657 618 uur

121 589 214 649 aven
239 588 344 648 amen
358 588 381 648 de
395 587 560 647 Omerikaren
580 585 655 645 terug

121 619 146 679 en
161 619 194 679 ove
214 618 291 678 4uur
306 617 384 677 borde
423 617 444 677 de
456 617 506 677 nog
523 617 564 677 over
574 617 629 677 gaan

121 646 173 706 rie
193 649 278 709 jogers
296 648 343 708 zijn
357 647 464 707 eedoig
478 647 526 707 loog
546 647 655 707 gegpane

119 677 141 737 te
159 679 260 739 metser
284 677 320 737 aen
340 675 386 735 leed
400 677 503 737 schilten
535 679 603 739 mase
619 679 682 739 gelet

112 711 152 771 ik
180 711 273 771 gelneen
293 709 347 769 wte
363 709 457 769 wieten
476 709 576 769 alhaele

123 740 166 800 tet
181 739 202 799 is
212 739 314 799 minstem
338 739 371 799 een
391 740 488 800 aenvol
509 739 532 799 om
568 741 611 801 1o0
632 739 668 799 tot

122 772 329 832 Veeringwaer

801 61 861 121 van
924 59 1000 119 verit

866 127 986 187 Vanmorgen
1003 129 1107 189 schroleite
1117 129 1158 189 onz
1177 127 1217 187 vr
1234 127 1254 187 al
1267 127 1367 187 wakheer,
1379 127 1406 187 te
1420 127 1453 187 fad

867 157 903 217 den
917 157 1008 217 vergeren
1020 157 1044 217 de
1060 157 1145 217 raioal
1157 157 1173 217 te
1185 157 1256 217 resten
1272 157 1290 217 en
1304 157 1399 217 anvaur
1413 157 1476 217 tegint

862 187 885 247 de
904 187 1108 247 kinhereht
1120 187 1184 247 altyd
1208 187 1254 247 met
1266 187 1284 247 te
1298 187 1430 247 Eufflegemel

867 217 937 277 ag

865 249 897 309 de
910 249 942 309 ben
954 249 1001 309 toen
1021 249 1081 309 maar
1096 249 1140 309 ier
1153 248 1207 308 gaan
1230 249 1305 309 lefen
1325 248 1355 308 et
1375 249 1396 309 10
1407 249 1468 309 uvre

867 279 985 339 vegerven
1003 279 1023 339 te
1037 279 1119 339 hebben
1140 279 1204 339 blik
1222 279 1268 339 met
1287 279 1338 339 ragf
1355 279 1462 339 eenmar

866 309 969 369 Mijnaler
980 309 1152 369 brargeweert
1170 309 1191 369 om
1209 309 1241 369 een
1262 309 1310 369 nem
1352 309 1411 369 must

866 339 923 399 vollen
947 339 962 399 te
976 339 1057 399 halen.
1076 339 1087 399 v
1110 339 1188 399 kevan
1218 341 1250 401 een
1276 341 1331 401 bnit
1361 341 1460 401 nooeklen

866 370 922 430 volle
935 371 974 431 van
992 372 1030 432 ver
1053 369 1125 429 tekeen

873 401 949 461 antje
968 402 1041 462 maet
1056 401 1184 461 oortvallen
1199 402 1223 462 in
1240 400 1294 460 kierm
1324 400 1348 460 ou
1370 401 1416 461 goer

870 427 924 487 half
942 431 994 491 twee
1009 431 1045 491 pas
1055 431 1125 491 tluis
1148 431 1262 491 wegingen
1281 431 1338 491 voerf
1351 429 1418 489 metee

865 461 919 521 naer
934 461 974 521 het
987 461 1072 521 Reden
1089 461 1152 521 waar
1169 461 1187 521 de
1200 461 1304 521 weertiik
1328 460 1471 520 Voleijekers

866 491 958 551 pereelen
977 491 998 551 on
1017 491 1060 551 het
1074 491 1260 551 kannoenschap
1278 491 1312 551 van
1331 491 1456 551 swaerlent

865 525 963 585 pegener
979 522 1082 582 geweelk
1099 523 1153 583 wetrr

864 555 933 615 praae
946 553 998 613 wrt
1053 553 1061 613 1
1083 553 1185 613 ameten
1199 551 1249 611 vne
1275 553 1337 613 weerf
1355 553 1379 613 er
1394 554 1401 614 a

867 585 938 645 hagen
950 583 1022 643 aater
1035 583 1180 643 wektalere
1205 584 1273 644 waren
1295 582 1313 642 te
1325 581 1403 641 meeven

867 613 1045 673 mdellijkde
1061 614 1182 674 vievrints
1197 613 1286 673 moteten
1307 613 1404 673 veschaten

939 645 1002 705 onder
1017 646 1038 706 de
1055 644 1220 704 oengaan
1241 643 1324 703 Haeno

869 673 932 733 Eerst
945 675 986 735 at
1005 675 1114 735 uiement
1135 675 1176 735 het
1202 674 1289 734 woede
1306 673 1389 733 muen
1407 675 1458 735 haer

870 705 899 765 een
910 706 1031 766 penrwelken
1044 707 1125 767 geheoen
1147 707 1176 767 een
1185 705 1236 765 grie
1257 705 1285 765 let
1297 706 1375 766 gelek.
1384 706 1417 766 i
1437 704 1457 764 oe

865 735 970 795 partige
986 735 1122 795 veleyeers
1134 735 1252 795 teerkelen
1280 737 1346 797 oese
1362 735 1442 795 were

866 767 970 827 tetrtijk
990 766 1086 826 afgelast
1105 766 1203 826 maatde
1219 765 1260 825 wen
1278 765 1306 825 e
1330 765 1371 825 sel
1391 767 1415 827 om

868 799 891 859 de
908 797 1019 857 tiebees
1031 797 1138 857 bfgingen

870 829 995 889 Mofloop
1011 829 1050 889 zijn
1081 828 1157 888 Janen
1173 827 1194 887 k
1216 827 1255 887 nog
1271 829 1314 889 eoen
1326 827 1350 887 si
1375 829 1396 889 de
