1500 938
113 127 182 187 trane
196 130 263 190 blijeen
281 128 355 188 wicken.
365 130 477 190 vertanden
496 131 551 191 miet
563 130 666 190 wanwell

110 158 347 218 weweeunmaerij
376 160 422 220 vet
436 160 532 220 statias
548 160 590 220 van
606 160 640 220 ook

112 190 262 250 uitverbecker
278 190 301 250 am
326 190 364 250 iers
376 192 464 252 besgan
484 192 565 252 vonder
576 193 617 253 kas
630 189 667 249 bet

110 218 262 278 weerwier

111 248 128 308 e
159 250 233 310 loode
254 252 325 312 zeggen
338 250 382 310 dat
393 250 413 310 de
430 252 470 312 grl
512 250 589 310 schiren
600 252 650 312 helh
664 252 694 312 el

109 278 140 338 fo0
180 281 223 341 haa
236 282 307 342 gegeven
329 281 373 341 voor
388 282 422 342 een
441 282 513 342 plaats
528 282 561 342 van
577 282 583 342 f
596 280 654 340 105s

121 310 151 370 va
167 312 206 372 het
223 313 262 373 een
278 312 379 372 Cwrater
396 314 564 374 verreantijvie
578 312 633 372 iet
645 312 660 372 op

111 343 241 403 elmoes)
254 343 396 403 benckgaan
418 340 490 400 lezen.

115 404 215 464 duurren„
228 405 292 465 Apiil

112 462 140 522 Ou
171 464 286 524 kalserler
298 464 377 524 opgaan
392 464 455 524 saan
476 462 496 522 en
513 464 531 524 ou
563 464 635 524 koars
646 462 685 522 voor

115 496 178 556 negen
195 495 252 555 gelijk
271 494 318 554 met
334 494 402 554 hantje
419 494 439 554 de
454 494 503 554 deur
519 493 558 553 hiet
567 494 659 554 gegaan,

112 525 177 585 maar
190 524 209 584 de
222 524 274 584 mein
291 524 427 584 rtamkaart
446 526 511 586 moeet
523 524 584 584 katen
648 525 666 585 ae

112 556 198 616 ewrs.

114 584 151 644 die
168 586 192 646 hu
213 586 244 646 die
259 586 279 646 er
295 586 354 646 resen
373 586 432 646 nagen
449 584 498 644 mijn
513 584 563 644 dier
580 584 654 644 spelage

116 617 217 677 iooen
232 618 269 678 oft
286 617 331 677 zelf
343 616 374 676 ook
393 616 506 676 octvalde
528 616 568 676 dat
582 614 663 674 roegen

113 643 150 703 ik
164 646 254 706 gisaren
272 646 316 706 voor
328 646 452 706 Schevijcker
473 646 598 706 vasgeeest
616 646 637 706 in

111 676 146 736 hot
157 676 176 736 de
188 677 294 737 veertrijk
315 676 352 736 van
365 676 432 736 gert

114 706 181 766 daben
200 708 279 768 daerna
297 708 331 768 ve
361 706 416 766 vaer
429 706 490 766 didle
507 706 586 766 quolif
606 706 628 766 ae

112 738 143 798 een
161 740 249 800 nieuwe
269 738 411 798 vermooslen
423 738 438 798 te
456 738 523 798 kopee
541 738 579 798 voor
597 738 674 798 Jan¬

114 768 151 828 hij
164 770 205 830 eer
220 770 347 830 kalofboet
358 768 401 828 van
418 768 514 828 kermer
532 768 660 828 mesalor

112 800 134 860 de
149 800 362 860 vramvertuurder
377 799 423 859 uet
444 799 530 859 wter
547 797 604 857 door
620 798 657 858 tot
672 799 690 859 e

116 830 137 890 in
149 830 297 890 terverkaat
316 830 375 890 maer
389 830 460 890 verder
474 830 552 890 deurfe
564 829 598 889 lij
612 829 658 889 met

863 128 948 188 woolrt
966 129 1008 189 ver
1039 130 1133 190 verlogen

867 160 893 220 de
906 160 1016 220 venwaar
1028 160 1079 220 vaer
1091 160 1142 220 huis
1153 160 1286 220 gaanloven,
1290 162 1353 222 overte
1367 162 1427 222 hadf
1443 160 1475 220 dat

867 190 875 250 v
924 190 963 250 ver
977 190 1076 250 viliget

868 220 916 280 vaer
928 220 965 280 van
980 219 989 279 t
1010 220 1076 280 vaers
1095 221 1139 281 oee
1155 220 1208 280 werk
1223 220 1286 280 vlichig
1300 220 1396 280 gelartn

869 252 895 312 de
905 250 958 310 hesr
974 250 1117 310 lagemeling
1137 250 1223 310 melder
1241 252 1280 312 dat
1298 252 1316 312 en
1331 252 1445 312 atellen

862 280 912 340 var
926 282 980 342 rt
1005 282 1100 342 maten
1111 280 1134 340 in
1149 280 1177 340 e
1222 281 1391 341 duusenclom

863 309 905 369 der
921 310 997 370 elfus
1007 311 1069 371 ewam
1098 312 1151 372 vaar
1168 312 1241 372 vragen
1259 314 1279 374 of
1291 313 1308 373 il
1327 312 1429 372 mishap

864 340 966 400 wetging
980 342 1030 402 voor
1042 342 1066 402 de
1087 342 1128 402 Jo
1163 342 1220 402 vaor
1234 342 1382 402 Eertrloek
1400 342 1441 402 zin
1450 344 1476 404 toe

861 372 968 432 geweest.
981 372 1042 432 Egdtie
1057 372 1095 432 silv
1131 373 1158 433 in
1169 372 1186 432 te
1205 372 1247 432 vios
1266 372 1310 432 van
1370 374 1458 434 milden

864 402 972 462 beereer
988 404 1089 464 ouraal
1106 404 1165 464 heen
1186 404 1193 464 e
1213 404 1245 464 ten
1266 402 1334 462 bortig
1364 404 1396 464 en

863 432 1030 492 naler,
1038 432 1097 492 vlijft
1112 434 1118 494 i
1136 432 1293 492 viertiguesten,
1308 434 1338 494 en
1355 436 1465 496 arfier

866 462 970 522 aeron
991 464 1029 524 vat
1044 463 1091 523 war
1109 462 1182 522 vrilig

865 492 906 552 dir
923 494 994 554 wart
1006 494 1049 554 voor
1063 494 1093 554 zer
1107 494 1148 554 ver
1165 494 1183 554 te
1199 494 1257 554 vaar
1278 495 1300 555 de
1312 496 1393 556 uren
1407 495 1475 555 gaan

863 524 890 584 n
911 526 998 586 hamvan
1014 526 1034 586 de
1053 524 1105 584 voor
1129 526 1143 586 te
1159 524 1221 584 balen

865 552 895 612 n
910 554 1002 614 hebnok
1017 554 1047 614 een
1067 556 1115 616 paer
1128 554 1186 614 totos
1197 554 1284 614 geamen
1304 554 1347 614 Ose
1356 555 1454 615 mijnbees

865 586 941 646 bejong
967 588 997 648 een
1017 586 1082 646 onder
1095 586 1228 646 tevendereer
1239 586 1276 646 van
1293 586 1317 646 de
1328 586 1404 646 foeke
1415 588 1462 648 vier

864 617 890 677 tee
914 614 992 674 vere
1009 616 1033 676 Va
1046 614 1079 674 Een
1102 616 1191 676 werde
1206 616 1265 676 voot
1280 616 1410 676 weegegaen

863 646 901 706 tot
920 646 954 706 het
971 646 1134 706 vatoetje
1149 647 1173 707 vn
1190 648 1234 708 ten
1255 648 1304 708 met
1318 650 1337 710 op
1359 648 1422 708 man

864 676 911 736 paae
931 676 990 736 evn
1007 676 1057 736 vaet
1076 676 1125 736 byr

874 708 963 768 woorts
980 708 1017 768 hes
1035 708 1057 768 in
1073 706 1195 766 gerteken,
1207 708 1267 768 voor
1289 709 1441 769 aoonkager

868 738 949 798 eel
965 740 1026 800 wee
1062 739 1132 799 velge
1168 738 1221 798 wer
1241 738 1268 798 nu
1293 740 1413 800 letenaben

863 768 949 828 aneer
964 770 1090 830 ache
1108 770 1128 830 in
1148 770 1183 830 toe
1213 770 1238 830 be
1268 770 1287 830 ik
1310 772 1318 832 e
1352 772 1439 832 hape

863 800 923 860 voer
939 798 1099 858 rgerteken
