1500 935
41 61 148 121 deverden
167 61 175 121 t
188 63 234 123 Ovi

116 127 163 187 thet
177 127 264 187 niemen
276 127 311 187 van
327 128 424 188 vantig
451 131 518 191 reser
536 131 563 191 nu
579 131 655 191 bauwem

111 161 129 221 in
146 159 193 219 mijn
208 159 228 219 be
262 158 305 218 met
316 157 342 217 een
357 160 454 220 lebkente
469 160 536 220 vulgn
555 161 693 221 veelrarten

113 190 224 250 Vanmagen
240 190 294 250 weer
309 189 353 249 half
362 189 407 249 echt
420 192 497 252 opgaan
521 192 582 252 vaan
603 191 621 251 en
638 192 670 252 tot

115 221 191 281 1uur
202 221 296 281 geleeen.

114 251 158 311 de
177 253 224 313 naor
236 251 296 311 meer
314 251 451 311 schoonhagen
460 253 553 313 gegaan,
570 253 603 313 die
617 253 654 313 zon

115 281 163 341 ruijn
179 281 285 341 spoetjacje
303 281 370 341 vater
384 281 420 341 wier
436 283 462 343 en
482 283 528 343 oude
546 282 579 342 jae
598 281 617 341 on

112 311 191 371 vams
206 311 245 371 vil
266 311 379 371 satueken,
387 313 473 373 en
511 312 554 372 met
573 313 655 373 polite

111 343 171 403 kreeg
187 342 245 402 weer
263 343 283 403 d.
294 343 332 403 het
345 345 381 405 nit
394 345 423 405 die
441 343 481 403 onde
490 343 535 403 jas¬

112 374 139 434 Om
171 373 245 433 valin
262 374 339 434 gingen
356 375 445 435 vroeter
464 373 540 433 brder
555 373 657 433 Eesgelien

113 404 152 464 ele
174 401 230 461 waer
242 402 264 462 en
280 403 350 463 helfe
370 403 405 463 geen
422 403 488 463 wekt
499 403 552 463 aler
596 403 678 463 gegeven

113 433 234 493 widrage
246 433 289 493 voor
302 433 340 493 heet
352 433 440 493 kantoor
454 433 488 493 van
512 435 610 495 Comet
628 435 672 495 wa

115 464 242 524 tergeveert
263 463 282 523 om
302 463 319 523 te
336 465 429 525 agen,
433 465 469 525 dat
483 465 544 525 wede
560 463 631 523 linma

114 496 164 556 een
184 493 230 553 niet
243 493 365 553 ontvangen.
378 495 417 555 die
432 495 483 555 vnt
494 495 526 555 die
546 495 607 555 mete
622 496 679 556 wond

112 524 183 584 vronde
196 523 222 583 re
252 525 298 585 dat
310 524 345 584 tet
359 525 368 585 m
408 526 488 586 vlict
500 525 516 585 in
534 526 629 586 ovderon

112 555 173 615 kmen
192 553 256 613 waer
267 553 308 613 aat
317 555 378 615 heeft
393 556 422 616 hij
437 557 461 617 nu
478 557 501 617 al
522 557 530 617 3
549 557 606 617 maet
625 556 695 616 beloofe

118 585 268 645 Thuigekomen
283 585 351 645 kevin
364 587 388 647 de
408 587 564 647 valondewen
582 587 660 647 parnge

113 616 147 676 her
159 615 178 675 en
195 615 229 675 ben
248 615 320 675 lekler
332 617 388 677 gaan
401 616 494 676 hamen¬

113 644 175 704 wort
192 645 289 705 beemman
307 645 371 705 war
394 646 444 706 wae
477 647 515 707 vog
530 647 574 707 wen
597 648 692 708 gehouden

115 676 158 736 von
174 677 237 737 valle
255 675 308 735 kerm
339 677 398 737 wrn
426 677 470 737 met
489 678 515 738 een
539 679 574 739 bal
598 677 672 737 rekoor

112 707 177 767 veren
195 706 322 766 aevretten
340 705 362 765 in
374 705 423 765 vag
439 707 482 767 enit
495 707 512 767 re
529 709 644 769 temile

112 736 278 796 schoorimaken.
292 736 314 796 vk
331 735 365 795 heb
381 736 411 796 we
430 738 480 798 toen
499 739 558 799 waer
575 739 699 799 spreoffs

121 769 186 829 Jantje
204 768 248 828 ker
288 767 307 827 on
323 767 388 827 keter
407 769 476 829 wart
494 769 538 829 voor
553 770 582 830 zet
602 771 665 831 tlens

116 801 135 861 in
152 800 179 860 het
188 797 228 857 zijn
245 798 323 858 raeen
342 799 390 859 wet
403 800 424 860 de
445 802 498 862 sen
511 802 593 862 qqrae
608 803 631 863 an

116 831 160 891 hey
183 832 199 892 e
215 829 272 889 valen

915 125 951 185 heb
968 125 995 185 een
1017 125 1063 185 soto
1076 125 1184 185 genomen,
1193 127 1250 187 maar
1263 127 1297 187 die
1312 127 1326 187 is
1337 127 1394 187 niet

864 157 955 217 elukt,
966 155 1044 215 omaat
1057 156 1074 216 ik
1096 157 1194 217 vergeven
1218 157 1259 217 har
1279 157 1329 217 door
1346 157 1366 217 te
1379 157 1461 217 drakien

865 183 899 243 de
913 185 1025 245 Groninger
1037 187 1115 247 kennnis
1127 187 1163 247 van
1175 187 1313 247 hapvroeg,
1323 187 1338 247 of
1355 187 1368 247 ik
1387 187 1439 247 saft

866 217 924 277 waar
938 217 961 277 de
982 217 1033 277 vier
1052 217 1192 277 nackemte
1219 219 1314 279 waren.

864 247 966 307 verijn
986 247 1038 307 met
1053 247 1077 307 ae
1099 248 1283 308 arieuloebij
1310 247 1424 307 Wijnkert

863 277 965 337 sorbum
1002 279 1134 339 aangemeer

864 308 977 368 twonen
987 307 1015 367 na
1031 309 1077 369 heet
1091 308 1145 368 even
1161 309 1233 369 benik
1253 309 1301 369 een
1322 311 1379 371 raar

863 339 1133 399 rijnkarhaisgegaan,
1149 339 1181 399 die
1195 339 1264 399 molt
1280 341 1310 401 een
1327 341 1379 401 aer
1396 343 1455 403 aagen

860 367 917 427 eers
932 368 1033 428 vouden,
1042 371 1117 431 omdat
1128 370 1162 430 hij
1177 371 1208 431 een
1227 371 1284 431 eteen
1299 372 1377 432 opijn

866 399 901 459 hem
928 399 1124 459 heeftalbregen.

865 429 942 489 folier
958 429 1066 489 varthee
1145 429 1217 489 venik
1237 433 1343 493 aenmijn

864 459 965 519 nivl
984 461 1100 521 oetjaie
1115 461 1235 521 woergaan
1262 464 1355 524 riguse
1372 463 1471 523 stoppens

864 489 892 549 de
907 491 1013 551 hutloge
1024 491 1126 551 meteing
1141 490 1218 550 metde
1237 491 1274 551 dat
1287 491 1311 551 er
1330 493 1385 553 veen

864 521 964 581 argeren
976 521 1040 581 boden
1058 521 1090 581 .
1100 523 1227 583 mvlent
1250 523 1315 583 waren

876 581 976 641 ween
993 582 1000 642 e

869 643 951 703 Vanheeg
975 641 1015 701 voor
1028 643 1047 703 de
1063 642 1189 702 veranoering
1212 643 1266 703 guuer
1282 645 1408 705 opgestaan,
1420 645 1452 705 sot

863 673 911 733 alf
921 676 971 736 negen
987 673 1058 733 geleeen
1072 674 1088 734 in
1102 673 1185 733 draakjes
1197 675 1323 735 uitgehaald
1344 677 1380 737 voor
1390 679 1427 739 mij

863 705 911 765 hiin
955 705 1006 765 jarie
1021 704 1079 764 (omde
1094 705 1232 765 metgratjes
1249 705 1351 765 testopeen

865 733 901 793 en
916 735 1025 795 halfoegen
1048 735 1066 795 de
1079 735 1127 795 deur
1144 736 1165 796 in
1188 736 1237 796 ver
1257 735 1291 795 den
1307 735 1372 795 desser
1384 737 1465 797 aertant

861 765 894 825 den
908 766 1005 826 velftien
1024 765 1081 825 wae
1100 767 1130 827 hij
1142 767 1170 827 no
1183 767 1230 827 iik
1254 766 1298 826 was
1308 767 1327 827 om
1351 767 1431 827 hebfelf
1441 769 1464 829 es

868 813 922 859 weg.
866 827 898 887 tom
921 827 961 887 wer
980 828 1027 888 naer
1042 829 1074 889 den
1097 826 1259 886 vanketbakter
1273 829 1293 889 in
1321 828 1435 888 roquaal
