1500 934
116 126 206 186 geert.
226 127 245 187 de
255 126 293 186 hilm
318 126 333 186 is
342 126 374 186 pas
383 126 398 186 de
409 126 436 186 2e
454 126 525 186 klaer.

117 156 266 216 anngekomen
285 158 352 218 vrnek
369 158 451 218 maerin
469 156 492 216 de
508 160 590 220 kenken
607 160 664 220 gaan

113 186 187 246 ritten
206 186 258 246 ware
281 187 386 247 mompin
395 188 453 248 Onet
468 190 568 250 varende
583 190 649 250 kamer

114 219 160 279 van
172 218 210 278 het
224 216 372 276 ploonmaken

113 248 189 308 telfsin
203 248 225 308 de
239 248 316 308 kunken
334 249 376 309 zat
384 248 400 308 ik
416 249 461 309 niet
471 248 547 308 vlilig,
557 252 616 312 want
634 250 642 310 v

115 278 205 338 marten
226 280 271 340 nog
288 280 389 340 gortijnen
401 281 544 341 uitkcloopen
558 282 577 342 op
587 280 608 340 de
622 280 707 340 Jarent

116 310 232 370 vrgegenen
249 310 269 370 te
281 309 357 369 hebben
372 310 431 370 benit
449 310 511 370 maar
526 310 581 370 naar
594 310 612 370 de
628 310 674 370 stag

111 340 185 400 gegaan
208 340 240 400 Een
257 340 377 400 viorkoosje
389 340 477 400 gepelt.
495 340 569 400 kenke
581 341 659 401 film.

147 370 234 430 hwele
262 370 310 430 ul.
323 370 364 430 dat
381 370 442 430 week
466 372 545 432 kenter
577 370 630 430 fons

117 399 236 459 natalijt
257 402 388 462 waserwer
398 400 553 460 lucntklarin
573 402 607 462 iet
623 402 670 462 toen

113 432 138 492 le
151 431 173 491 in
185 429 203 489 de
212 430 369 490 Valverstraat
380 433 440 493 hiep.
459 434 530 494 Veffer
548 433 624 493 Juntje
647 434 678 494 van

114 464 135 524 cn
149 462 168 522 op
180 461 199 521 de
211 462 282 522 mant
295 462 441 522 tegengekomen
461 462 480 522 en
495 462 599 522 bijmom
628 461 659 521 me

113 490 121 550 ^
136 491 187 551 met
200 492 322 552 betmekt
328 492 396 552 alsan
413 492 490 552 enqew
522 492 638 552 actema

115 518 156 578 det
169 522 283 582 deuirenen
292 522 330 582 hot
344 524 363 584 er
377 524 431 584 niet
445 524 480 584 tem
500 524 576 584 gehoor
604 524 665 584 vant

117 552 161 612 mijn
176 554 203 614 ne
220 552 255 612 oor
268 552 287 612 is
298 554 361 614 oof,
374 554 554 614 votethtebaa
569 554 576 614 i
597 554 634 614 van

116 582 192 642 mogen
202 582 219 642 in
233 584 307 644 ritten
323 584 374 644 met
416 584 436 644 in
450 584 468 644 ir
482 584 513 644 een
528 586 660 646 grootenck

114 613 196 673 patkn
214 614 346 674 ingeropt.

116 640 150 700 dek
170 644 244 704 Clipjes
260 644 431 704 koomskaniek
449 645 516 705 tn.
523 644 549 704 Op
558 645 595 705 het
608 646 665 706 kolin

120 673 145 733 hij
156 672 190 732 ean
203 674 242 734 aan
257 674 292 734 het
303 674 397 734 moberen
417 676 436 736 op
449 674 476 734 hij
487 676 511 736 een
526 676 635 736 kaartvan

117 702 124 762 t
140 704 241 764 bumbug
260 705 306 765 kacn
318 704 382 764 koper
401 706 446 766 voor
456 706 493 766 zyn
512 706 564 766 vroor
578 708 610 768 pul
627 706 643 766 in
654 706 672 766 de

113 734 261 794 ijnengaat
275 736 365 796 werken.

115 763 155 823 wij
169 766 290 826 rijnharen
311 766 364 826 voor
378 766 449 826 wille
463 767 513 827 voor
520 766 543 826 nu
567 768 688 828 taermorssen

145 796 203 856 voor
216 796 235 856 de
251 796 428 856 vranggaan.

116 830 136 890 r
148 828 184 888 van
194 828 214 888 op
226 828 260 888 let
276 824 398 884 voorbalcon
418 828 555 888 (warmaels)
575 828 595 888 o

866 126 888 186 ser
900 128 929 188 we
944 128 968 188 en
982 128 1022 188 vor
1041 128 1088 188 met
1097 129 1123 189 en
1143 128 1341 188 wermaelenkaors
1354 130 1384 190 die
1397 130 1443 190 mit

869 156 930 216 wilde
942 157 1018 217 veralen
1043 157 1063 217 de
1075 158 1255 218 tamkeelhtell
1272 159 1286 219 is
1300 159 1392 219 mie
1421 160 1458 220 stil

866 188 966 248 gestaan,
976 188 1071 248 tenloste
1083 190 1172 250 werkde
1190 190 1236 250 wen
1254 190 1297 250 door
1309 190 1339 250 als
1357 190 1416 250 mits

868 216 1015 276 veraget
1029 220 1158 280 vegon

869 250 921 310 met
936 250 1025 310 Tlixpen
1038 250 1053 310 ik
1070 250 1113 310 een
1133 251 1258 311 meegegaan
1276 252 1354 312 naarte
1366 252 1415 312 boek

867 280 975 340 bandel.
981 280 1024 340 Ote
1037 280 1176 340 Voriornag,
1184 280 1237 340 naer
1246 282 1266 342 de
1280 282 1346 342 hriset
1358 282 1393 342 har
1404 280 1424 340 vi

865 310 899 370 per
912 311 974 371 baert
987 310 1059 370 kopen,
1068 310 1095 370 t
1106 312 1143 372 zijn
1158 312 1219 372 vane
1248 312 1280 372 ool
1299 310 1330 370 we
1355 310 1412 370 heter
1423 312 1441 372 ge

865 339 970 399 fwetheel
989 340 1094 400 geweest,
1101 342 1174 402 onnuyn
1189 342 1322 402 Haalarent
1339 342 1358 402 te
1371 340 1421 400 vale

867 369 929 429 chis
941 370 993 430 regit
1012 372 1053 432 dat
1067 372 1088 432 de
1100 372 1134 432 thes
1146 372 1161 432 in
1176 372 1210 432 mij
1233 374 1265 434 too
1282 374 1465 434 halffleiggelopen

867 400 914 460 was
939 400 986 460 Eeks
1003 400 1030 460 ae
1051 402 1086 462 rag
1107 402 1222 462 keorveel

868 432 925 492 Opde
938 432 1056 492 shovrtien
1067 432 1104 492 hag
1114 432 1141 492 een
1156 432 1203 492 vrijl
1226 432 1258 492 van
1268 434 1355 494 tnkie
1375 432 1410 492 uit
1423 434 1472 494 daer

864 462 896 522 hij
910 462 954 522 nogg
963 462 1002 522 esik
1021 462 1057 522 geen
1071 462 1147 522 amer
1158 464 1199 524 ooor
1211 464 1245 524 hem
1269 466 1323 526 wirt
1333 465 1376 525 sles
1388 462 1454 522 hiefst

867 492 929 552 at
940 492 1038 552 ookland
1048 493 1100 553 vrus

866 523 898 583 aa
912 524 1011 584 betaen
1027 524 1048 584 e
1073 524 1102 584 as
1116 524 1164 584 met
1179 524 1213 584 sap
1236 526 1308 586 allenn
1322 524 1402 584 vansik
1419 524 1454 584 tal

864 552 944 612 hemver
960 552 1105 612 voorgevaart
1135 554 1199 614 koren
1211 556 1293 616 vellie,
1301 556 1347 616 wat
1363 556 1466 616 bceti

866 583 937 643 rogen
951 583 993 643 voor
1008 584 1123 644 Sueag.
1141 585 1194 645 vat
1204 588 1233 648 en
1254 586 1306 646 mot
1333 587 1361 647 on
1379 587 1428 647 moe

863 612 880 672 te
894 613 1022 673 blzinen.

869 644 1006 704 atemvij
1016 646 1156 706 danqeeeer
1170 646 1233 706 vrijn
1256 646 1317 706 vriick
1333 648 1441 708 temmse

870 674 962 734 dewolk
977 677 1001 737 van
1016 676 1072 736 gaan
1096 676 1174 736 drijen
1196 678 1328 738 oatgaan
1338 679 1408 739 opp
